2221 3512
35 308 37 310 '
56 302 83 332 A

3 2778 80 2832 v'G

418 159 534 224 DE
578 152 786 223 COD
833 154 1251 223 TRAIANI
1285 158 1630 224 clap-111·
1809 167 1884 246 89

116 275 296 342 Impcrij
313 271 474 328 annum
492 270 705 336 expleuit,
719 269 764 316 in
793 268 894 317 TR.
911 273 958 317 P.
988 272 1062 316 Xl·
1094 271 1245 319 versari
1262 274 1307 318 in
1324 276 1521 321 nummis
1551 278 1766 323 Romanis
1781 307 1794 329 ,
1826 285 1904 323 ΔΗ
1913 285 1965 324 Μ.

95 381 101 402 ;
122 359 200 400 ΕΞ
213 382 226 396 .
257 354 341 394 ΙΑ.
368 347 414 397 in
441 341 600 387 Graecis
628 339 884 386 enuntiatur
906 339 1021 403 apud
1048 341 1236 389 eundem
1255 344 1488 392 Goltzium
1513 348 1557 392 in
1589 344 1716 393 Thes.
1735 363 1830 411 pag.
1850 348 1965 400 LV„

122 427 166 468 &-
186 423 410 466 Occonem
436 427 532 476 pag.
559 411 780 457 CLXVII.
809 407 1017 472 Idemque
1047 428 1163 458 error
1189 430 1238 458 ex
1264 416 1355 478 pari
1378 428 1543 461 ratione
1569 423 1589 479 (
1603 416 1703 463 licet
1732 415 1962 462 non-vltra

122 489 251 538 vnius
267 484 364 530 anni
388 493 541 528 notam
557 482 574 541 )
593 480 638 524 in
656 480 847 526 Traiano
874 479 1031 526 incurri
1047 482 1211 544 potest,
1232 484 1309 545 qui
1333 491 1376 530 ὅ(
1400 485 1513 548 ipse,
1530 483 1670 533 statim
1697 485 1876 550 quidem
1907 482 1959 529 ab

123 551 350 620 adoptione
368 550 494 615 fimul
506 550 618 616 filius
635 579 647 598 ‚
664 546 791 613 simul
803 548 929 612 Caefizr
945 581 957 602 ‚
976 567 1066 595 mox
1084 559 1301 615 Imperator
1316 583 1330 607 ,
1347 563 1406 603 φ*
1422 556 1563 618 confir,-
1582 555 1822 603 Tmbnniciae
1843 562 1957 602 Pote-

117 629 253 695 βαιὴ,
268 632 327 674 <90
343 626 471 668 omnia
489 626 638 684 pariter
652 650 667 673 ,
682 622 884 684 &statim
894 614 1030 685 fufius
1053 621 1102 683 eft
1115 650 1128 674 ,
1149 635 1193 667 vt
1209 618 1335 667 habet
1353 624 1521 670 Plinius
1539 627 1584 670 in
1604 629 1816 690 panegyr.
1836 642 1957 672 num.

123 695 324 745 [XXV-z
345 706 437 737 non
453 703 598 736 tamen
625 701 672 735 vt
687 690 960 752 Imperatoris
985 703 1152 736 nomen
1171 706 1251 754 pro
1270 690 1461 739 absoluti
1479 692 1735 757 summaque
1752 695 1958 758 potestate

121 762 409 828 vsurpauerit‚
436 767 480 807 δέ
507 758 558 804 ab
583 756 673 823 ips&
691 755 923 820 adoptione
946 774 1085 804 annos
1110 760 1281 824 Imperij
1300 778 1521 809 numerare
1549 765 1731 828 coeperit
1748 782 1761 820 3
1778 763 1854 828 fid
1879 768 1898 825 <
1912 779 1960 811 vt

117 836 212 884 Dio
234 830 453 895 distinguit
483 837 527 876 &
545 829 724 893 explicat
750 827 822 874 lib.
838 825 1030 887 XLIII.)
1060 834 1232 895 antiqui
1263 831 1414 879 tantiam
1446 849 1511 894 pro
1536 832 1847 898 confirecudinffi
1875 836 1962 899 qud

118 908 369 969 Imperatoris
399 900 545 947 titulus
573 904 619 963 ijs
638 895 809 944 ducibus
834 895 1077 945 tribuebatur
1101 897 1148 945 ab
1166 909 1366 960 exercitu,
1385 909 1455 968 qni
1487 909 1531 949 in
1559 902 1655 950 bello
1672 922 1750 949 rem
1777 923 1815 949 eo
1832 921 1962 968 cogno-

118 990 244 1022 mento
270 968 439 1036 dignam
456 970 642 1034 geffir-''t3
669 966 775 1013 vltra
792 970 863 1014 Vl.
884 970 949 1015 M.
979 983 1137 1030 nempe
1153 986 1203 1015 ex
1219 968 1407 1017 hostibus
1424 970 1663 1018 occidendo
1679 1003 1692 1028 ,
1711 971 1738 1019 fi
1754 972 1959 1018 Diodoro

117 1041 331 1092 credimus
347 1041 393 1088 in
413 1041 627 1104 Excerptis
645 1035 758 1102 apud
772 1036 979 1086 Photium
998 1055 1049 1084 ex
1064 1036 1137 1086 lib.
1155 1044 1365 1087 XXXVI.
1384 1040 1510 1087 elaus.
1528 1041 1668 1092 vltim.
1684 1061 1694 1095 3
1711 1041 1795 1088 flue
1810 1042 1960 1089 decem

121 1112 314 1162 millibus
328 1108 437 1156 caefis
452 1139 467 1164 a
483 1122 530 1156 vt
545 1109 773 1173 Appianus
787 1106 860 1153 lib.
874 1110 928 1154 11.
942 1107 1076 1154 Ciuil.
1091 1106 1143 1154 de
1164 1107 1240 1155 suo
1255 1123 1448 1175 tempore
1463 1111 1686 1176 loquitur3
1701 1112 1769 1160 vel
1786 1112 1958 1160 tantum

120 1184 242 1233 mille
256 1193 327 1227 aut
339 1176 509 1225 duobus
525 1177 720 1225 millibus
739 1175 865 1238 (adeo
880 1178 1094 1225 variatum
1113 1177 1229 1225 estin
1246 1179 1329 1225 hoc
1346 1197 1426 1244 pro
1440 1196 1689 1246 temporum
1704 1182 1888 1237 ratione,
1901 1201 1956 1230 ne

122 1254 350 1314 Scriptores
368 1248 577 1295 contraria
603 1250 713 1294 inter
740 1246 782 1295 se
805 1245 1030 1311 prodidiss‘e
1047 1247 1271 1306 dicamus)
1304 1268 1354 1295 ex
1382 1254 1594 1298 Cicerone
1610 1252 1801 1317 Philipp.
1830 1257 1952 1301 XIV.

118 1315 163 1370 >rt
179 1321 222 1387 st
235 1325 324 1387 quis
339 1318 612 1386 Hispanorum
628 1334 699 1365 aur
715 1319 933 1365 Gallorum
950 1336 1020 1364 aut
1034 1315 1244 1366 Thracum
1261 1321 1369 1366 malle
1383 1354 1396 1379 ,
1411 1338 1481 1367 aut
1497 1319 1577 1368 duo
1595 1323 1716 1368 millia
1733 1321 1925 1388 occidiffet
1941 1354 1957 1377 ,

115 1407 187 1440 non
201 1409 290 1437 eum
308 1388 384 1438 haic
399 1385 692 1454 consuetudine,
704 1405 782 1452 quae
798 1386 1024 1442 increbruit,
1040 1395 1309 1451 Imperatorem
1325 1392 1459 1454 appell
1470 1408 1542 1437 iret
1558 1396 1726 1439 Senatus
1742 1396 1828 1439 ?tot
1842 1395 1957 1458 legio-

116 1460 232 1509 nibus
248 1458 355 1525 caefis‚
373 1462 490 1508 tantd
507 1454 769 1505 multitudine
783 1454 947 1520 hostium
963 1456 1172 1523 interfeifld
1187 1489 1199 1512 ,
1215 1459 1435 1523 clariffimis
1451 1457 1617 1507 ducibus
1622 1461 1958 1526 supplicationum

114 1529 289 1578 honorem
306 1526 538 1583 tribuemus,
558 1536 838 1589 Imperatorum
854 1545 994 1574 nomen
1010 1525 1231 1574 adimemus
1245 1529 1261 1575 ζ
1278 1530 1434 1575 Nimia
1449 1544 1595 1577 tamen
1618 1530 1731 1578 istius
1750 1533 1957 1579 acclama-

115 1601 247 1647 tionis
263 1597 440 1644 facilitas
451 1629 465 1653 ,
483 1597 536 1644 de
552 1595 639 1662 quil
655 1598 827 1650 Cicero,
841 1595 893 1643 ad
909 1597 1199 1660 corruptelam
1214 1614 1364 1645 eorum
1379 1613 1625 1663 temporum
1643 1599 1822 1665 ipsemet
1834 1603 1957 1666 paul-

114 1668 159 1717 Ῑὸ
177 1682 272 1715 ante
287 1666 483 1714 retulerat
496 1698 510 1721 ,
526 1675 669 1714 etenim
685 1674 749 1713 cni
767 1673 920 1731 viginti
937 1664 999 1712 his
1018 1675 1133 1714 annis
1137 1666 1377 1732 supplicatio
1394 1666 1546 1715 decreta
1563 1672 1614 1737 est
1631 1703 1640 1718 ‚
1667 1688 1717 1717 vt
1733 1689 1808 1717 non
1824 1681 1842 1717 1
1851 1688 1957 1736 mpe-

117 1754 218 1785 rator
245 1738 511 1801 appellaretur
526 1765 540 1790 5
557 1754 628 1784 aut
645 1741 816 1782 minimis
835 1730 948 1782 rebzis
967 1739 1084 1805 gestis
1099 1768 1114 1791 ,
1132 1754 1204 1783 aut
1212 1739 1449 1802 plerumque
1464 1739 1587 1786 nullis
1604 1745 1622 1783 ?
1656 1754 1756 1786 nam
1774 1741 1866 1786 Dio
1880 1740 1955 1787 lib.

117 1810 348 1856 XXXVII.
366 1805 441 1853 vbi
461 1804 513 1854 de
529 1803 706 1852 victoria
728 1808 792 1851 M.
811 1805 993 1865 Antonij
1013 1804 1211 1853 aduersus
1226 1808 1462 1856 Catilinam
1476 1838 1490 1862 ,
1509 1810 1707 1872 quamuis
1723 1825 1959 1858 numerum

115 1876 302 1925 hostium
320 1874 618 1923 caedendorum
634 1891 724 1923 non
750 1873 1012 1922 determinet
1027 1903 1040 1927 2
1070 1877 1248 1923 licenter
1273 1892 1421 1924 tamen
1439 1895 1541 1924 eum
1556 1881 1866 1943 Imperatorem
1882 1899 1959 1947 ap-

118 1947 325 2013 pellatum
351 1950 528 1993 miratur
551 1975 564 2000 ³
592 1943 773 1992 millibus
802 1944 912 1991 certe
940 1944 1061 1993 tribus
1091 1945 1296 1994 hominum
1326 1947 1513 1995 acerrime
1530 1955 1804 2014 pugnantium
1833 1951 1957 2019 caefi53

117 2020 220 2083 quia
247 2031 404 2079 nempe
432 2034 619 2062 numerus
644 2014 817 2078 caesorum
847 2016 1049 2082 constituto
1075 2023 1201 2063 minor
1225 2018 1337 2082 fft.
1539 2034 1544 2038 ·

188 2085 309 2133 Idem
325 2087 419 2132 Dio
433 2085 669 2149 Imperium
687 2086 732 2131 in
747 2103 838 2132 rem
860 2085 1145 2134 Romanam&
1166 2086 1357 2133 Traiano
1372 2087 1574 2152 adeptum
1588 2120 1602 2144 ‚
1617 2086 1639 2134 εὶ
1656 2104 1851 2154 tempore
1866 2107 1959 2155 quo

117 2154 257 2204 Caesar
268 2173 341 2220 per
354 2154 632 2219 adoptionem
648 2153 782 2201 factus
795 2153 893 2209 fuit,
908 2155 1128 2204 euidenter
1141 2154 1345 2223 segregat,
1359 2158 1577 2221 inquiens,
1590 2166 1721 2224 itaque
1735 2165 1958 2218 Traianus,

113 2244 358 2293 quamquam
373 2229 532 2282 Neruae
552 2232 766 2291 propinqui
782 2244 860 2271 non
875 2224 1037 2274 deerant
1052 2258 1066 2282 ,
1094 2243 1189 2274 tunc
1203 2228 1328 2292 Caefizr
1344 2261 1357 2283 ,
1386 2247 1430 2274 ac
1441 2230 1571 2292 postea
1592 2236 1610 2275 I
1615 2245 1806 2292 mperator
1810 2229 1958 2296 fac—lus

113 2297 167 2365 est
182 2328 194 2340 .
228 2298 446 2361 Supremae
462 2299 605 2360 itaque
623 2293 840 2358 potestatis
860 2299 927 2343 vis
945 2303 985 2343 Sc
1002 2295 1132 2343 robur
1144 2298 1301 2351 ,titulo
1328 2298 1605 2345 AVGVSTI
1623 2299 1927 2347 continebatur
1940 2328 1957 2354 ‚

115 2364 181 2415 vti
196 2365 302 2413 alius
330 2367 766 2414 IMPERATORIS
781 2396 794 2419 ,
807 2364 978 2430 proprie
994 2367 1351 2415 acclamationem
1367 2366 1502 2414 modo
1526 2367 1687 2416 dieram
1702 2399 1716 2424 ,
1731 2386 1781 2415 ex
1795 2371 1958 2433 potiori

116 2443 160 2482 &
176 2433 392 2482 vetustiori
409 2433 479 2481 sua
496 2434 804 2499 fignificatione
821 2466 834 2489 ‚
846 2434 1089 2501 designabat
1104 2455 1118 2493 3
1145 2436 1265 2502 quod
1293 2437 1402 2483 bene
1417 2439 1598 2502 agnouit
1614 2439 1892 2502 Capitolinus
1908 2440 1957 2486 in

116 2503 222 2552 Vita
241 2505 484 2551 Maximi&
502 2504 673 2551 Balbini
700 2507 757 2552 ita
772 2504 813 2552 sc
829 2507 1041 2572 explicans
1057 2538 1070 2562 ,
1098 2516 1211 2554 Inter
1227 2507 1296 2555 haec
1311 2505 1546 2554 Gordianus
1564 2508 1688 2572 Caesar
1706 2506 1903 2572 sublatus
1931 2507 1960 2554 2³>

113 2572 340 2627 militibus,
362 2576 639 2642 Imperatores}
666 2576 894 2640 appellatus
911 2608 926 2630 ,
945 2575 1040 2645 idest
1068 2580 1304 2644 Augustus.
1342 2581 1575 2625 Nummus
1595 2580 1724 2625 etiam
1741 2576 1824 2642 ipse
1851 2578 1959 2625 ado-

113 2644 276 2708 ptionis
293 2642 315 2689 ἓι
333 2642 529 2690 Tristano
544 2643 751 2709 expressus
769 2644 846 2693 fol.
867 2650 1244 2695 CCCLXXVIII.
1271 2646 1355 2694 hoc
1371 2646 1579 2703 ostendit3
1597 2648 1640 2692 in
1659 2664 1710 2693 eo
1726 2649 1845 2695 enim
1860 2664 1957 2695 non

112 2713 439 2762 AVGVSTVS
455 2744 469 2767 ,
483 2712 554 2760 sed
580 2717 729 2762 AVG.
763 2717 808 2761 F.
839 2717 1048 2764 Traianus
1066 2718 1206 2766 noster
1223 2715 1489 2771 inscribitur,
1503 2731 1632 2783 prout
1646 2734 1725 2763 nec
1758 2720 1957 2766 PONT.

114 2784 274 2830 MAX.
300 2781 371 2829 sed
395 2781 674 2832 solummodo
695 2785 920 2843 PONT.,
944 2800 992 2834 vt
1017 2787 1161 2835 decuit
1176 2805 1278 2835 eum
1295 2788 1500 2855 appellari
1525 2819 1539 2843 ,
1567 2788 1775 2835 incolumi
1806 2786 1957 2835 Nerui

114 2855 236 2899 Patre
247 2883 261 2906 ,
286 2854 362 2917 qui
379 2870 430 2899 eo
446 2853 610 2901 honore
623 2884 635 2908 ,
654 2862 693 2901 Sc
708 2855 887 2920 quidem
902 2857 1016 2904 solus
1031 2889 1044 2913 ,
1060 2859 1192 2923 potiri
1208 2872 1376 2922 poterat
1392 2875 1404 2904 :
1423 2861 1483 2905 ita
1496 2858 1615 2904 enim
1630 2855 1800 2920 prorsus
1823 2857 1959 2905 Tibe-

116 2922 201 2969 rius
215 2921 348 2987 vsque
362 2921 414 2969 ad
430 2925 517 2971 eius
533 2923 826 2973 Tribuniciam
841 2926 1102 2976 potestatem
1115 2931 1236 2976 XVI.
1253 2958 1266 2981 ,
1289 2928 1366 2975 sub
1386 2926 1489 2992 quil,
1503 2926 1709 2976 defunoto
1728 2927 1928 2993 Augusto
1942 2957 1957 2981 ‚

119 2989 357 3040 absolutum
384 2996 622 3059 Imperium
649 2995 872 3059 capeffiuit
893 3027 907 3050 ³
939 2999 1258 3046 PONTIFEX
1274 3029 1288 3052 ³
1316 3007 1359 3046 δε
1386 3000 1664 3046 AVGVSTI
1697 3001 1880 3046 FILIVS
1911 2998 1956 3040 in

119 3064 306 3109 nummis
322 3063 507 3118 dicitur3
537 3081 628 3128 quo
659 3079 789 3111 etiam
806 3066 1006 3130 exemplo
1019 3098 1034 3121 ,
1060 3070 1317 3115 Antoninus
1336 3070 1436 3115 Pius
1451 3101 1465 3125 ,
1481 3067 1576 3133 post
1592 3069 1876 3134 adoptionem
1902 3067 1956 3110 ab

115 3129 330 3181 Hadriano
347 3132 399 3181 de
411 3132 453 3181 se
465 3133 622 3183 fabiam
637 3165 650 3189 a
678 3143 721 3183 &
746 3149 844 3183 ante
874 3135 1096 3194 summum
1119 3139 1356 3203 Imperium
1371 3137 1574 3204 adeptum
1592 3174 1604 3197 ,
1629 3137 1956 3186 HADRIANI

413 3200 416 3203 ‘
1266 3211 1322 3256 M
1739 3207 1888 3252 AVG.
