2221 3512
237 262 388 305 sinistris
404 259 567 314 pedibus
582 250 814 300 funditores,
828 254 865 295 S<
881 253 1002 294 clauis
1020 262 1252 307 pugnantes,
1266 249 1413 292 antcire
1431 251 1724 303 exprimuntur:
1738 252 2093 308 praeceptumum.

235 333 315 375 que
333 318 478 360 militia*
490 329 583 360 erat,
605 315 626 354 a
642 315 815 367 Vegetio
830 314 1032 352 recitatum
1049 311 1118 349 lib.
1137 324 1170 348 1.
1186 323 1270 363 cap.
1290 324 1353 347 20.
1375 307 1462 348 cum
1477 308 1676 350 miffilibus
1691 322 1900 363 ageretur,
1927 311 2090 354 sinistros

239 378 361 432 pedes
381 377 592 415 anteriores
612 372 755 411 milites
772 371 915 409 habere
932 368 1078 408 debere
1091 393 1104 411 ,
1120 366 1230 420 quod
1250 366 1446 406 vibrandis
1465 364 1619 419 spiculis
1632 368 1904 408 vehementior
1917 370 2012 411 instas
2023 369 2087 411 fit:

238 433 305 475 sed
322 433 409 473 cum
426 431 475 471 ad
488 432 609 485 pilum
627 429 803 471 venitur,
830 429 867 466 Se
886 440 1000 466 manu
1027 424 1077 465 ad
1107 437 1264 463 manum
1278 423 1420 476 gladiis
1435 436 1652 476 pugnatur,
1683 438 1776 465 tunc
1798 425 1957 466 dextros
1972 423 2103 481 pedes·
2124 432 2132 452 1'

239 492 453 532 anteriores
472 488 615 528 milites
633 485 778 527 habere
791 484 940 524 debent
954 500 963 526 ς
987 499 1028 525 vt
1042 482 1211 522 &latera
1225 494 1363 521 eorum
1380 479 1643 522 subducantur
1656 482 1705 523 ab
1719 483 1892 524 hostibus
1904 509 1917 529 ‚
1942 496 1992 524 ne
2004 483 2094 540 pos·

238 549 312 590 {int
327 549 466 588 vulnus
480 547 656 598 accipere
669 558 677 586 5
695 546 732 584 δε
751 542 969 596 proximior
982 542 1119 582 dextra
1134 538 1178 578 fit
1191 564 1203 583 ,
1218 552 1303 593 quae
1315 538 1468 591 plagam
1484 538 1596 591 possit
1614 538 1759 583 inferre
1770 569 1780 578 .
2032 537 2035 539 ’

186 621 267 657 ²07
302 604 487 645 Machina
506 628 517 646 ,
530 614 571 642 vt
585 601 739 642 videtur
753 626 765 643 ,
783 601 914 653 aliqua
926 624 938 641 ,
957 610 1075 653 quam
1090 594 1191 636 Daci
1214 598 1253 635 in
1270 597 1472 634 Romanos
1490 596 1663 648 dirigunt
1679 600 1716 637 δε
1733 599 1990 653 intorquent..
2016 601 2093 640 Pu.

243 662 415 718 gnabant
429 672 559 700 autem
576 660 676 698 Daci
693 659 732 697 in
749 657 826 697 hoe
841 656 975 711 praelio
994 667 1076 697 tum
1088 654 1208 694 clauis
1220 679 1232 697 ,
1244 666 1326 694 tum
1340 655 1456 696 etiam
1473 653 1695 694 acinacibus
1709 655 1878 713 ,clypeis
1894 659 1983 701 testi
1995 683 2009 703 ‚
2023 662 2108 697 ως...-
2130 661 2141 685 τ.

244 721 338 762 teris
354 715 789 759 armamentis-destituti
803 744 813 752 .
2058 744 2062 745 ⁷

189 782 273 823 208
306 775 519 817 Victoriam
535 775 584 813 de
604 773 724 813 Dacis
742 773 818 811 hoc
836 771 1046 811 certamine
1061 771 1250 811 Traianus
1267 768 1462 821 Augustus
1477 767 1705 809 consecutus
1722 795 1733 814 ,
1746 783 1848 811 noua
1868 772 1985 813 castra
1996 771 2096 813 hosti.

246 835 436 876 viciniora
452 832 602 871 munire
619 829 818 870 constituit
834 844 842 870 ς
861 827 1121 881 lignatoribus
1137 828 1175 868 in
1193 839 1277 867 eam
1292 840 1373 867 rem
1389 826 1449 866 vel
1466 826 1673 867 Germanis
1690 852 1703 872 ,
1714 827 1776 868 vel
1792 829 1913 871 Dacis
1928 829 2096 885 aliquot,¹

245 894 285 932 in
296 891 506 932 amicitiam
524 892 562 928 &
580 887 697 927 fidem
717 887 884 940 receptis
897 911 909 929 2
926 884 1012 926 vsus
1025 913 1035 925 .

192 965 274 1000 209
305 952 428 991 Noua
443 947 652 987 castrorum
667 945 833 984 munitio
849 973 859 983 .
2090 971 2099 975 -

192 1023 275 1054 210
308 1006 503 1059 Captiuus
521 1017 567 1043 ex
586 1001 822 1056 primoribus
841 1002 1044 1042 Dacorum
1071 1002 1108 1042 in
1135 1001 1382 1056 conspectum
1413 1001 1574 1043 Caesaris
1600 1001 1829 1046 adducitur,
1853 1001 2038 1043 Tribunis
2056 1003 2096 1043 δι

250 1063 489 1119 praetorianis
507 1059 697 1100 militibus
712 1060 870 1113 stipatus
891 1075 899 1097 :
916 1056 978 1099 cui
991 1060 1118 1100 Caesar
1134 1058 1373 1104 succensens,
1388 1061 1530 1113 capulo
1543 1057 1640 1098 ensis
1652 1072 1818 1114 Vtraque
1829 1072 1944 1100 manu
1958 1071 2098 1114 appre-
2143 1082 2147 1088 »

252 1119 372 1162 henso
385 1145 397 1164 ,
413 1119 608 1158 excidium
622 1144 633 1161 ,
647 1120 683 1157 8<
703 1130 876 1157 extrema
891 1130 1058 1171 qua-que
1072 1114 1191 1157 Dacis
1210 1118 1308 1157 mala
1323 1119 1518 1157 illaturum
1535 1117 1735 1157 minitatur
1747 1145 1756 1154 .

194 1200 218 1226 2
231 1199 245 1225 1
260 1194 274 1218 1
312 1176 511 1219 Militibus
528 1176 715 1215 Romanis
728 1200 740 1218 ,
770 1173 792 1214 e
807 1175 935 1214 castris
951 1174 1140 1226 lignatum
1157 1174 1441 1226 prodeuntibus
1453 1200 1465 1219 ,
1499 1175 1598 1214 Daci
1624 1174 1663 1214 in
1680 1173 1797 1229 syluis
1811 1174 1935 1215 abditi
1948 1173 2100 1214 infidias
2139 1198 2153 1206 ‘-

190 1237 193 1240 ’
252 1236 469 1276 moliuntur
485 1262 494 1272 .
533 1234 658 1273 Cuius
674 1233 729 1271 rei
746 1232 891 1271 certior
905 1233 1093 1271 Traianus
1107 1230 1252 1275 facins,
1276 1233 1373 1271 alam
1391 1232 1558 1271 militum
1573 1231 1672 1271 leuis
1686 1243 1886 1273 armaturae
1899 1258 1911 1276 ,
1934 1232 2101 1285 Sagitta-

252 1295 402 1335 riorum
418 1318 430 1336 ,
447 1290 718 1333 Funditorum,
731 1292 769 1330 &
787 1291 1111 1332 Ferentariorum,
1125 1289 1341 1329 commodo
1354 1291 1446 1329 loco
1462 1289 1633 1343 disponit
1649 1317 1659 1326 .
1690 1290 1953 1343 Irrumpentes
1970 1301 2100 1329 autem
2147 1299 2152 1303 “

253 1365 301 1392 ex
313 1350 457 1399 infidijs
475 1349 623 1391 Dacos,
638 1348 697 1387 ala
711 1346 1164 1398 militrinrexpeditorum
1183 1345 1550 1400 excepit,cunc‘tosq·‚
1565 1345 1687 1386 ferme
1703 1346 1930 1388 trucidauin
1946 1345 2100 1391 infidias

253 1407 396 1457 insidiis
413 1403 683 1459 compensans,
700 1416 1054 1457 necemque,quam
1066 1405 1104 1442 in
1115 1404 1212 1443 alios
1225 1404 1527 1447 meditabantur,
1540 1407 1578 1444 &
1593 1403 2100 1457 captiuitatemimpingens.

198 1487 220 1512 2
234 1485 247 1511 1
259 1481 276 1505 2
311 1463 439 1506 Caesar
456 1463 526 1503 hac
544 1462 654 1502 clade
674 1463 793 1501 Dacis
810 1462 936 1504 illata,
963 1461 1123 1500 castrum
1139 1462 1360 1515 proximum
1372 1487 1384 1505 ,
1412 1460 1578 1500 militum
1593 1459 1766 1515 praelidio
1783 1473 1932 1501 tentum
1945 1485 1958 1504 ,
1975 1473 2102 1515 oppu-

256 1534 348 1578 gnat
366 1518 536 1564 ;strenue
552 1521 620 1574 qui
638 1520 740 1558 intus
758 1531 867 1559 erant
886 1519 1004 1557 Dacis
1020 1516 1095 1557 sese
1109 1518 1309 1558 tuentibus
1325 1547 1335 1556 .

199 1601 220 1628 2
234 1600 249 1625 1
259 1596 278 1634 3
313 1577 503 1621 Testudo,
518 1577 611 1617 idest
621 1601 633 1620 ,
646 1588 885 1629 congregata
898 1576 1065 1614 militum
1079 1576 1292 1615 multitudo
1307 1601 1318 1619 ,
1335 1573 1519 1615 consertis
1534 1573 1648 1615 scutis
1661 1577 1760 1615 tecta
1775 1574 1960 1616 aduersus
1977 1576 2102 1628 impe-

255 1651 338 1679 tum
354 1635 526 1690 lapidum
547 1659 559 1678 ,
595 1633 844 1686 aliorumque
861 1634 1030 1672 telorum
1041 1631 1205 1686 desuper
1219 1633 1474 1672 incidentium
1489 1659 1500 1676 ,
1524 1635 1634 1672 cuius
1649 1636 1688 1673 &
1705 1632 1840 1673 Liuius
1861 1631 1983 1673 10.ab
1994 1630 2100 1674 Vrbe

252 1694 471 1737 condius&
488 1689 617 1732 Caesar
635 1704 671 1740 5.
685 1691 786 1730 Belli
803 1691 946 1730 Gallici
960 1691 1171 1730 meminere
1187 1719 1195 1727 .
1225 1690 1344 1729 Aliud
1364 1689 1517 1742 prorsus
1531 1690 1553 1730 a
1568 1690 1747 1730 machina
1760 1690 1929 1745 quadam
1944 1689 2101 1732 bellica,

254 1767 342 1807 quae
359 1749 510 1791 testudo
528 1749 644 1789 etiam
663 1750 910 1788 nominatur.
941 1746 1124 1789 Conferti
1140 1748 1260 1802 igitur
1276 1748 1340 1788 hic
1357 1748 1499 1788 milites
1514 1774 1525 1792 ,
1540 1748 1731 1789 testudine
1743 1745 1841 1788 faeta
1855 1773 1867 1792 ,
1882 1760 2015 1788 muros
2027 1742 2101 1788 suf-

254 1809 413 1850 fodiunt
426 1833 438 1851 ,
453 1806 612 1847 diruunt
626 1832 637 1850 ,
655 1819 824 1861 arceque
842 1807 1047 1859 potiuntur
1060 1833 1070 1843 .

206 1887 228 1914 2
241 1881 289 1919 14
322 1866 442 1906 Dacis
454 1890 466 1909 ,
493 1864 565 1920 qui
577 1863 783 1904 subsidium
801 1862 1051 1903 munitissimo
1067 1862 1188 1902 castro
1202 1889 1214 1906 ,
1240 1863 1261 1903 a
1280 1863 1465 1904 Romanis
1481 1862 1671 1903 militibus
1683 1875 1806 1915 nuper
1820 1875 1964 1917 capto,
1987 1859 2100 1902 laturi

262 1923 471 1966 veniebant
483 1947 494 1965 ,
511 1922 633 1976 copiae
648 1922 805 1963 Traiani
819 1933 1051 1963 occurrunt;
1069 1921 1165 1959 acris
1183 1919 1229 1961 fit
1243 1923 1427 1976 vti-inque
1446 1921 1644 1960 conflictus
1656 1945 1669 1964 ,
1685 1918 1751 1959 sed
1775 1922 1815 1961 in
1830 1934 1912 1976 quo
1929 1918 2028 1961 Daci
2040 1916 2101 1958 su-

255 1982 394 2038 perati,
410 1976 614 2021 Caesariani
626 1979 791 2019 victores
807 1977 962 2018 euasere
980 2007 990 2018 .
1021 1979 1164 2031 Capita
1178 1990 1308 2018 autem
1325 1979 1491 2018 hostium
1506 1977 1772 2023 illustriorum,
1787 1979 1958 2019 Traiano
1971 1978 2012 2018 in
2021 1975 2102 2018 acie

258 2039 415 2080 editiori
428 2037 521 2077 loco
539 2036 650 2076 stanti
663 2062 676 2079 ‚
687 2036 925 2089 praetorianis
942 2036 1079 2090 stipato
1094 2061 1107 2079 ,
1120 2034 1254 2075 coram
1272 2035 1520 2090 perferuntur
1532 2065 1543 2072 .

201 2115 223 2142 2
236 2110 278 2146 15
316 2095 506 2149 Reliquiae
519 2094 710 2134 exercitus
730 2094 867 2133 Dacici
886 2093 955 2132 hac
969 2105 1096 2146 pugna
1109 2092 1246 2133 delerae
1266 2109 1273 2130 ι
1293 2094 1415 2146 Regia
1433 2092 1625 2133 Decebali
1640 2105 1753 2146 capta
1767 2122 1777 2132 .

200 2172 223 2197 2
236 2160 284 2195 16
315 2153 501 2193 Traianus
525 2151 721 2203 Augustus
738 2163 826 2190 cum
844 2149 1035 2190 Praefc-stis
1057 2154 1095 2190 &
1122 2150 1307 2190 Tribunis
1325 2152 1532 2194 exercitus,
1546 2149 1596 2189 de
1611 2149 1907 2191 conditionibus
1926 2151 1965 2190 δε
1987 2162 2106 2204 pacm

254 2224 345 2252 cum
361 2208 565 2250 Decebalo
579 2209 687 2262 Rege
699 2205 877 2248 facienda
890 2233 900 2250 ,
915 2221 1035 2261 quam
1053 2206 1163 2247 enixe
1175 2233 1187 2251 ,
1203 2211 1240 2248 δε
1268 2207 1525 2247 fiibmififfime
1540 2207 1796 2261 precabatur,
1812 2207 1986 2247 decernit
2010 2222 2020 2245 ε
2049 2204 2102 2247 ad
2153 2237 2156 2239 Α

256 2266 525 2324 quascumque
541 2266 642 2304 enim
665 2263 826 2305 foederis
839 2265 1088 2305 conditiones
1104 2277 1309 2305 venturum
1324 2292 1334 2309 ,
1358 2266 1628 2319 imperataque
1646 2264 1836 2305 facturum
1853 2277 1921 2318 per
1936 2264 2109 2318 Legatos

257 2323 540 2380 pollicebatur;
570 2320 778 2375 praesertim
797 2322 884 2362 cum
901 2324 1101 2375 prouincia
1113 2320 1236 2361 ferme
1255 2323 1381 2362 omnis
1398 2323 1437 2361 in
1457 2323 1686 2376 potestatem
1701 2320 1795 2362 esset
1808 2333 1986 2376 recepta,
2001 2319 2107 2364 &ob

258 2383 300 2423 id
316 2380 394 2435 ipse
409 2380 634 2421 Decebalus
649 2380 688 2419 in
706 2379 891 2419 summam
908 2378 999 2419 esset
1011 2379 1319 2432 desperationem
1339 2381 1495 2419 adactus
1509 2408 1519 2418 .

206 2455 227 2481 2
241 2455 254 2479 1
266 2454 287 2490 7
322 2440 535 2491 Lignorum
553 2436 683 2480 caefio,
695 2436 836 2476 secatio
851 2462 863 2480 ,
878 2437 1165 2490 comportatio,
1184 2440 1220 2476 &
1236 2438 1273 2475 in
1289 2438 1428 2477 struem
1447 2436 1646 2491 congestio
1659 2466 1668 2475 .

209 2512 230 2537 2
244 2511 257 2536 1
268 2501 288 2538 8
325 2495 472 2539 Castra,
488 2494 596 2533 hoste
614 2495 743 2533 vicino
754 2519 766 2538 ,
782 2495 820 2534 δε
833 2494 1008 2534 nondum
1024 2506 1119 2547 pace
1133 2492 1282 2533 firmata
1296 2520 1308 2538 ,
1328 2507 1413 2533 tuto
1429 2494 1522 2534 loco
1536 2495 1723 2534 Traianus
1738 2492 1959 2537 constituit,
1983 2492 2048 2533 vbi
2060 2491 2109 2532 li·

261 2567 429 2608 gnorum
445 2578 457 2597 ,
473 2550 606 2605 pabuli
626 2576 637 2594 2
656 2554 693 2591 Se
710 2564 818 2604 aquae
835 2553 948 2605 copia
963 2550 1192 2604 suppetebat
1209 2579 1219 2588 .
1267 2551 1496 2605 Adaquatio
1513 2552 1615 2591 enim
1630 2566 1679 2591 ex
1697 2549 1954 2604 copiosissimo
1967 2552 2004 2590 &
2017 2551 2109 2591 viuo

261 2612 372 2652 fonte
385 2636 396 2654 ,
414 2609 476 2650 seu
490 2620 664 2649 torrente
676 2609 858 2662 proximo
875 2608 896 2648 a
916 2609 1106 2649 militibus
1122 2606 1242 2648 fiebat
1256 2634 1267 2652 ,
1284 2610 1353 2665 qui
1366 2610 1568 2664 intercipi,
1582 2623 1650 2649 aut
1667 2608 1745 2648 alio
1758 2607 1926 2648 deriuari
1935 2607 1985 2648 ab
2000 2607 2110 2648 hoste

261 2668 471 2723 nequibat.
765 2685 767 2687 ·

214 2741 235 2766 2
249 2740 263 2765 1
274 2741 295 2773 9
330 2729 576 2765 Frumentum
595 2722 797 2777 copiosum
813 2723 955 2764 milites
969 2749 980 2768 ,
991 2723 1092 2764 intra
1110 2723 1240 2764 saccos
1253 2735 1483 2765 contentum
1496 2750 1507 2769 ,
1527 2721 1638 2779 super
1651 2724 1836 2764 humeros
1849 2722 2021 2768 vehunt,
2041 2721 2110 2761 im

267 2783 463 2836 castraque
479 2783 681 2821 deducunt
695 2810 704 2820 .
1387 2778 1390 2781 ’

210 2858 231 2884 2
243 2854 260 2879 2
272 2856 294 2877 ο
329 2842 426 2878 Pace
443 2840 500 2878 liis
516 2838 809 2878 conditionibus
826 2837 998 2881 firmata3
1025 2852 1066 2879 vt
1080 2839 1306 2878 Decebalus
1325 2839 1526 2879 Dacorum
1544 2840 1626 2879 Rex
1639 2864 1651 2882 ,
1669 2851 1773 2878 arma
1786 2863 1798 2882 ,
1826 2841 1864 2878 &
1891 2835 2031 2877 bellica
2049 2835 2110 2874 in·

264 2896 474 2936 strumenta
489 2922 500 2938 ,
521 2896 717 2935 machinas
732 2922 743 2939 ,
762 2909 976 2951 earumque
991 2895 1157 2936 artifices
1170 2896 1339 2936 traderet
1353 2911 1362 2938 ;
1380 2895 1613 2949 transfugas,
1629 2894 1707 2935 siue
1719 2897 1919 2936 Romanos
1933 2918 1945 2939 ‚
1958 2891 2035 2934 fiue
2049 2890 2110 2932 so-

263 2955 349 2993 cios
364 2954 598 2994 remitterem
615 2953 765 2992 castella
782 2957 819 2993 ὃς
835 2967 941 2994 arces
954 2953 1131 2993 deductis
1147 2952 1325 3006 praefidijs
1338 2965 1546 2996 euerteret5
1562 2957 1599 2994 &
1616 2966 1657 2994 vt
1670 2954 1777 2992 omni
1792 2962 1975 3006 praeterea
1986 2962 2114 2991 terra„

265 3009 475 3050 decederet
486 3034 496 3051 ,
512 3023 628 3062 quam
642 3010 689 3048 de
704 3008 876 3050 finitimis
892 3024 961 3064 pei·
975 3013 1053 3050 vim
1071 3008 1250 3064 cepiffet;
1266 3023 1335 3050 eos
1350 3010 1522 3065 denique
1532 3012 1679 3051 amicos
1691 3010 1922 3052 &inimicos
1935 3007 2113 3052 haberet,

270 3080 372 3121 quos
388 3068 551 3106 Senatus
564 3065 791 3106 censuisset:
824 3067 1050 3107 Decebalus
1062 3067 1308 3107 licetinuitus
1322 3071 1359 3107 δε
1377 3081 1547 3108 moerens
1562 3093 1574 3112 ,
1590 3066 1838 3122 praesentibus
1850 3077 1979 3105 tamen
1991 3065 2114 3106 iactu-

269 3126 319 3165 1‘is
335 3126 506 3164 coaetus.
517 3136 584 3175 pcr
596 3123 766 3174 Legatos
780 3127 968 3176 primores
984 3125 1220 3178 pileatorum
1232 3122 1394 3164 assensus
1411 3125 1566 3165 tandem
1579 3126 1650 3165 est.
2107 3141 2110 3161 ³

215 3198 235 3223 2
247 3196 262 3221 2
277 3195 291 3219 1
328 3183 536 3220 Traianum
548 3179 767 3234 Augustum
779 3181 817 3219 in
828 3179 1006 3233 suggesto
1024 3181 1220 3221 sedentem
1235 3207 1246 3224 ,
1257 3181 1447 3221 Praefeffls
1460 3208 1471 3226 ,
1489 3182 1673 3222 Tribunis
1688 3208 1700 3226 ,
1713 3179 2029 3236 praetorianisque
2041 3180 2113 3220 mi-

266 3237 400 3277 litibus
414 3237 594 3291 stipatum
606 3262 618 3280 ,
649 3235 873 3276 Decebalus
889 3239 973 3277 Rex
992 3240 1193 3278 Dacorum
1208 3241 1433 3291 genuflexus
1448 3238 1606 3283 adorat,
1618 3236 1800 3292 illiusque
1814 3250 1950 3278 manus
1963 3237 2116 3280 oscula«

269 3307 374 3335 turus
388 3294 668 3349 apprehendit,
680 3294 999 3338 circunstantibus
1011 3293 1199 3353 fignit'eris
1213 3320 1225 3341 2
1242 3297 1310 3351 qui
1321 3297 1490 3351 aquilas,
1503 3299 1540 3338 δε
1554 3296 1731 3340 labarum
1748 3294 1933 3336 tenebant
1948 3325 1959 3335 .

1760 3366 1841 3411 aaz
1876 3350 2064 3412 Transfuf
