2221 3512
353 113 498 177 DE
541 111 750 177 coL·
796 104 1218 173 TRAIANI
1249 106 1450 172 CAP·
1480 110 1595 175 111·
1768 132 1854 200 59,

13 238 56 289 'a'-
87 238 252 273 nornen
267 254 281 277 ,
299 222 399 270 cum
418 217 756 285 Melampodum
774 220 1023 283 Regionem
1036 249 1048 273 ,
1064 217 1151 266 fiue
1163 249 1178 274 2
1197 220 1300 266 citra
1317 219 1480 269 Nilum
1499 218 1713 287 Libyam,>
1727 236 1801 270 aut
1817 224 1934 275 tran?

85 293 272 343 eundem
291 292 620 345 Arabiam,voca
627 307 669 335 re
683 287 936 343 debuissent,
949 304 1003 334 ne
1014 290 1061 334 in
1078 290 1318 345 Neoterici,
1330 304 1462 356 prout
1473 291 1935 347 Ciaconus‚censuram

85 362 348 418 inciderent3
366 363 442 426 qui
455 357 611 408 merito
628 375 754 406 voces
770 358 833 407 illi
859 356 951 405 suas
968 356 1139 405 reddere
1164 375 1282 406 nunc
1296 359 1432 425 posset
1445 359 1635 409 eiusdem
1650 361 1937 427 flagitijcon·1-·¹

87 449 211 500 perro
225 464 239 486 ,
258 434 364 486 dum
377 430 535 478 scilicet
551 446 674 478 num.
690 447 773 492 40·
795 429 996 490 Danubii
1014 429 1132 476 iuxta
1147 443 1310 477 veteres
1329 428 1571 479 binominis
1597 431 1769 479 cursum
1796 432 1932 497 expli-

87 501 282 557 canswbi
295 503 515 548 Ciaconus
529 499 753 564 Illyricum
776 513 918 556 vocat,
936 497 1024 563 ipse
1041 500 1279 547 Sclauoniae
1295 517 1459 549 nomen
1475 501 1659 557 assumit,
1675 502 1874 566 quinque
1888 510 1933 549 ὃς

89 574 199 631 vltra
213 570 370 617 sarculis
385 569 480 635 post
508 569 746 618 Traianum
774 570 973 615 Prouinci
978 571 1015 627 is
1028 569 1110 616 illis
1134 569 1157 614 εὶ
1177 570 1337 618 Sclauis
1353 571 1450 636 post
1465 589 1616 619 eorum
1642 573 1935 638 irruptionem

19 668 60 701 ς
90 640 289 692 traditum
306 657 317 685 x
335 638 441 686 adeo
454 670 469 694 ,
497 657 606 686 nemo
629 643 648 700 (
663 652 710 686 vt
724 638 923 685 Catullus
935 638 996 684 ait
1012 640 1034 699 )
1051 635 1171 686 videt
1185 646 1367 687 mantica
1381 640 1490 706 quod
1510 650 1552 689 in
1569 659 1667 706 tergo
1684 645 1732 704 est
1745 674 1759 685 .

109 761 115 772 ,
155 713 252 758 Nec
264 708 546 757 solummodo
558 707 752 773 vndique
766 705 895 754 labari
909 724 1076 755 nomen
1091 710 1353 756 Neotericus
1367 709 1562 757 eliminat
1575 728 1587 766 3
1605 709 1674 758 sed
1689 710 1772 757 hoc
1788 709 1935 776 ipsum'

88 779 231 834 labans
247 779 507 844 quadratum
534 777 655 826 hastae
670 775 909 842 appensum
925 808 939 831 ,
959 778 976 840 (
992 776 1044 823 de
1069 778 1256 825 nomine
1277 779 1367 827 iam
1394 779 1506 826 nihil
1522 797 1671 827 moror
1686 782 1707 841 )
1722 781 1935 845 equitatui

87 848 256 896 tantum
269 863 446 914 ,epraeter
458 850 646 896 Giaeoni
671 863 864 894 mentem
879 878 891 900 ,
911 864 1031 894 num.
1048 867 1075 896 2.
1085 864 1161 913 34.
1179 846 1398 895 attribuit:
1424 850 1559 915 quam
1587 848 1701 897 male
1718 850 1780 896 ibi
1795 851 1937 899 osten-

85 919 148 976 dit
163 917 249 984 ipsa
260 919 424 966 naualis
443 918 659 983 expeditio
672 948 686 972 ,
710 919 756 965 in
772 916 860 982 qud
875 934 1019 983 neque
1047 921 1212 982 equites
1226 948 1240 972 ‚
1270 934 1413 982 neque
1430 920 1726 969 vexillationes
1741 918 1835 969 vsui
1854 918 1936 972 effe

84 989 258 1054 possunt
275 1021 288 1044 ‚
306 990 413 1035 itaut
434 985 597 1035 necesse
610 986 658 1034 sit
673 1017 686 1042 ‚
701 995 744 1034 3<
763 987 864 1033 alibi
878 987 951 1034 vbi
967 1004 1058 1034 non
1073 987 1186 1035 adest
1207 991 1424 1053 equitatus
1439 1020 1452 1045 ‚
1470 998 1514 1038 &
1528 989 1595 1036 hic
1613 989 1845 1054 praesertim
1857 1020 1872 1045 ,
1889 990 1936 1037 in

19 1081 58 1114 ρ
85 1077 181 1106 earn
193 1062 251 1108 ire
268 1058 538 1112 sententiam,
555 1071 601 1104 vt
614 1057 697 1104 hoc
714 1057 762 1104 sit
776 1055 975 1104 illudmet
987 1056 1156 1122 signum
1172 1061 1522 1124 Imperatorium,
1542 1062 1718 1107 materie
1737 1059 1804 1106 vel
1818 1060 1940 1107 colo-

87 1147 129 1177 re
142 1128 193 1176 ab
210 1130 426 1194 equitatus
443 1128 609 1174 vexillis
623 1129 811 1175 omnino
823 1126 1074 1177 distinetum
1089 1136 1132 1175 Sc
1146 1127 1380 1183 diuersum,
1394 1128 1517 1193 quod
1532 1131 1769 1184 CiaconuS,
1782 1133 1941 1177 imme-

89 1198 175 1247 rito
189 1201 395 1245 correistus
411 1229 427 1253 ,
455 1215 506 1245 ex
524 1195 775 1244 Herodiano
791 1228 805 1252 ,
832 1197 1085 1260 Lampridio
1099 1229 1112 1251 ‚
1143 1196 1320 1263 aliisque
1335 1201 1512 1263 optimis
1526 1199 1780 1247 authoribus
1810 1200 1941 1248 nobis

94 1268 327 1322 indicauit,
355 1276 395 1315 Sc
419 1267 505 1315 fere
523 1267 689 1332 semper
718 1269 824 1314 circa
843 1269 1082 1314 Traianum
1111 1267 1164 1314 ad
1188 1270 1248 1314 rei
1271 1269 1682 1334 comprobationem
1707 1269 1940 1327 *videmu53

91 1336 299 1403 quodque
315 1338 459 1401 ipsum
477 1336 744 1385 Hadrianum
761 1337 926 1403 gestasse
945 1336 1125 1384 ostendit
1151 1354 1362 1386 nummus
1385 1340 1516 1387 huius
1533 1339 1809 1404 Imperatoris
1825 1339 1942 1405 apud

91 1406 335 1456 Choulium
349 1406 400 1454 de
412 1407 701 1473 Relig-Veter-
721 1410 857 1455 Rom.
872 1425 968 1473 pag.
977 1424 996 1466 3
1013 1429 1054 1472 5.
1098 1410 1357 1456 Neotericus
1372 1422 1516 1457 tamen
1530 1407 1637 1456 dum
1650 1412 1810 1460 iterum
1823 1408 1945 1457 hunc

22 1491 71 1532 η,
103 1476 271 1542 lapsum
285 1480 410 1532 vitat,
430 1476 483 1524 ad
501 1477 608 1525 Tab.
627 1480 678 1527 L.
696 1477 930 1525 Columnae
948 1479 1275 1531 Antoninianae,
1292 1478 1499 1527 deteriora
1514 1477 1730 1545 sequitur;
1747 1477 1806 1526 ibi
1820 1481 1941 1528 enim

90 1545 202 1597 mird
218 1552 415 1595 varietate
429 1578 444 1601 ‚
473 1548 551 1594 tria
565 1547 637 1595 illa
652 1545 819 1602 labara,
837 1549 999 1595 vexilla
1017 1550 1139 1597 trium
1163 1550 1350 1614 legionem
1360 1549 1475 1617 figna
1489 1584 1504 1607 ‚
1523 1548 1730 1599 abdicatis
1756 1550 1940 1618 aquilis,

92 1615 172 1667 effe
202 1615 352 1663 docet.

161 1686 364 1752 Eousque
379 1687 634 1752 prouehitur
649 1685 970 1736 contradicendi
984 1687 1126 1735 studio
1141 1689 1402 1738 Neotericus
1416 1722 1432 1746 ‚
1446 1705 1494 1739 vt
1507 1692 1652 1758 aquila
1669 1708 1790 1738 num·
1815 1700 1942 1757 276„

93 1773 228 1820 quam
242 1758 466 1803 Ciaconus
494 1758 665 1804 alterius
681 1759 863 1823 legionis
878 1756 902 1802 a*
918 1758 1108 1805 Traiano
1131 1759 1289 1807 eduelae
1306 1760 1493 1808 indicem
1511 1761 1698 1827 appellat
1713 1793 1728 1817 ,
1753 1761 1944 1827 equestre

95 1825 328 1890 fignurm&
345 1826 447 1873 alitis
461 1827 514 1873 ab
530 1826 749 1891 equitibus
762 1825 913 1891 gestari
929 1827 1070 1875 visum
1083 1828 1270 1893 proferat
1284 1862 1296 1872 .
1313 1829 1386 1877 Ad
1400 1831 1535 1896 quod,
1547 1845 1595 1880 vt
1607 1830 1820 1879 inuidiam
1835 1846 1943 1878 meae

23 1907 64 1953 1⁵,⁴
97 1895 389 1960 obiugationis
404 1913 648 1951 amoueam‚
665 1911 757 1946 vtar
770 1895 910 1944 verbis
927 1899 1171 1959 Steuuechij
1186 1899 1238 1945 ad
1259 1904 1293 1945 V
1298 1915 1404 1960 eget.
1422 1900 1496 1948 lib.
1508 1904 1560 1948 IL
1575 1905 1746 1965 cap-VI.
1766 1899 1812 1949 id
1820 1899 1941 1967 porr&

98 1971 263 2014 Tirones
289 1986 342 2014 ex
368 1985 431 2016 me
458 1964 604 2032 discere
629 1974 763 2032 cupio,
786 1973 831 2013 in
845 1970 1080 2034 qudcunque
1106 1971 1250 2035 legione
1271 1988 1397 2019 ‘unam
1423 1969 1587 2020 tannim
1600 1972 1783 2038 aquilam
1787 1969 1942 2038 fusffi,

97 2034 412 2100 monueratcjue
427 2037 646 2084 Ciaconus
662 2037 713 2083 ad
739 2053 863 2084 num.
892 2056 968 2093 49.
992 2037 1161 2102 finguhs
1176 2041 1390 2104 legtombus
1407 2049 1525 2089 vntca
1551 2041 1771 2089 dumtaxat
1799 2041 1943 2107 aquila

90 2104 373 2171 praeferebatur
390 2138 400 2149 .
426 2109 483 2154 Et
498 2109 710 2171 quoniam
731 2105 845 2173 apud
859 2105 1011 2155 dostos
1028 2125 1092 2155 res
1120 2107 1254 2155 dubio
1271 2124 1382 2156 caret
1412 2116 1431 2173 (
1449 2109 1665 2176 quidquid
1686 2109 1880 2156 Choulio
1895 2111 1941 2157 in

98 2189 291 2222 mentem
311 2177 474 2222 venerit
492 2176 564 2225 lib.
581 2176 633 2224 de
649 2175 855 2223 Castram.
872 2180 1005 2225 Rom.
1020 2177 1097 2227 fol.
1118 2182 1225 2227 LIII.
1242 2184 1260 2239 )
1278 2180 1341 2228 vad
1355 2180 1434 2226 alia
1459 2179 1700 2245 properabo
1715 2213 1728 2227 .
1759 2183 1820 2227 Vt
1837 2178 1941 2227 vero

95 2245 245 2292 erroris
265 2244 446 2294 caussam
461 2255 504 2293 S<
520 2246 587 2293 hic
602 2246 868 2312 detegamus,
883 2245 971 2294 fieri
985 2250 1144 2313 potuit,
1160 2251 1416 2304 Choulium,
1436 2250 1504 2297 vel
1521 2249 1756 2314 ipsummet
1770 2252 1956 2297 Neoteae

29 2323 62 2369 't
97 2315 250 2368 ticum,
269 2318 394 2362 icona
409 2317 667 2384 Sarcophagi
684 2318 729 2364 in
745 2316 879 2364 hortis
894 2320 1064 2365 Lanteis
1078 2317 1129 2365 acl
1141 2320 1399 2376 Ianiculum,
1415 2338 1466 2367 ex
1480 2337 1572 2385 quo
1585 2319 1753 2386 Aquila
1764 2319 1943 2378 Choulij

100 2399 276 2448 excepta
292 2385 365 2439 est,
377 2385 644 2452 fugientibus
661 2395 704 2434 δέ
721 2388 905 2434 minime
920 2389 1092 2435 attentis
1105 2389 1239 2436 oculis
1253 2388 1464 2453 aspexisse,
1477 2398 1520 2437 &
1533 2389 1632 2436 inde
1646 2407 1737 2438 rem
1752 2389 1942 2444 hausisse,

101 2468 149 2498 vt
162 2461 203 2499 δε
220 2471 300 2518 ego
316 2454 591 2503 subdubitaui
607 2456 712 2504 dum
728 2459 872 2522 primo
890 2459 1050 2504 intuitu
1067 2460 1207 2523 aquila
1225 2458 1472 2506 huiusmodi
1484 2460 1687 2525 eque-stris
1701 2461 1747 2507 in
1763 2477 1817 2507 eo
1833 2459 1941 2508 mihi

102 2520 184 2568 sese
201 2522 381 2571 obtulit:
400 2523 469 2571 sed
493 2526 520 2573 fi
537 2544 726 2574 marmor
740 2526 781 2572 di
788 2527 969 2592 ligenter
995 2529 1274 2593 contemplati
1292 2527 1460 2576 fuissent
1473 2561 1487 2585 ‚
1500 2529 1699 2595 pedestris
1714 2529 1911 2594 aquilifer
1923 2559 1940 2583 a

102 2594 222 2638 cuius
238 2592 358 2639 hastse
376 2608 575 2642 truncum
591 2597 735 2661 aquila
752 2596 917 2661 respicit
934 2628 944 2648 ‚
956 2612 1068 2645 trans
1084 2601 1273 2663 equitem
1292 2598 1484 2662 patuisset
1497 2631 1508 2653 ,
1523 2602 1590 2646 cui
1608 2615 1833 2665 propterea
1855 2616 1938 2665 po-

102 2664 184 2708 tuit
198 2693 212 2715 ,
226 2662 318 2709 imo
334 2662 484 2712 debuit
501 2666 642 2730 aquila
658 2665 726 2714 sua
741 2666 941 2732 gestanda
955 2668 1087 2716 tradi.
1113 2673 1161 2715 In
1175 2668 1323 2733 pugna
1341 2687 1532 2734 namque
1546 2668 1762 2736 peditibus
1781 2671 1938 2735 equiti·-
1955 2663 1958 2666 ⁴

32 2739 65 2770 G
99 2729 261 2796 busque
270 2734 481 2797 permixta*
495 2766 510 2789 ,
537 2737 703 2801 agmini
722 2736 913 2799 aquilam
940 2737 1100 2786 auferre
1113 2768 1127 2792 ,
1141 2739 1320 2802 eamq‘ue
1335 2741 1543 2804 equitatui
1558 2770 1573 2794 ‚
1588 2740 1714 2789 nullo
1728 2739 1939 2796 authore5

99 2803 170 2850 vel
193 2801 338 2866 potius
352 2818 418 2851 tot
441 2805 689 2853 authoribus
709 2807 1038 2856 reclamantibus
1053 2838 1068 2861 ,
1084 2806 1342 2874 adiungere,
1365 2825 1535 2858 nouum
1559 2811 1607 2858 in
1635 2808 1792 2858 militia
1807 2828 1933 2861 nom,

101 2870 247 2922 minus
259 2903 274 2928 ,
289 2873 425 2938 qudm
441 2877 485 2922 in
501 2875 631 2922 literis
645 2906 659 2930 ,
675 2875 903 2924 absurdum
919 2876 1001 2925 dici
1022 2875 1151 2925 debet
1164 2912 1176 2923 .

122 2988 126 2993 ,
171 2945 333 3006 Neque
348 2944 404 2992 est
415 2947 568 3010 pariter
581 2963 655 2991 cur
667 2963 718 2992 ex
731 2945 874 2996 labaro
888 2945 959 2994 seu
975 2949 1149 2996 flamula
1166 2947 1244 2995 sub
1260 2950 1462 2998 Vi&otiae
1477 2948 1599 3014 figno
1611 2966 1734 2997 num.
1745 2966 1816 3009 53.
1828 2969 1936 3015 pen-
1949 2960 1952 2961 ’

102 3009 244 3068 dente,
260 3012 365 3060 illud
392 3017 628 3079 equitatui,
644 3029 690 3061 vt
704 3015 832 3070 facit,
847 3017 1075 3074 attribuat3
1095 3017 1456 3084 quandoquidem
1479 3022 1636 3085 pluries
1651 3038 1752 3067 cum
1776 3022 1932 3084 aquilis

105 3079 201 3145 ipfis
213 3111 226 3137 ³
239 3100 345 3148 quas
359 3081 438 3131 soli
454 3085 631 3151 pedestri
654 3088 819 3152 agmini
833 3086 1101 3153 assignandas
1116 3106 1256 3155 nuper
1270 3091 1553 3138 meminimus
1568 3120 1582 3145 ,
1596 3106 1764 3138 necnon
1781 3091 1933 3156 cohort

1235 3172 1276 3214 Η
1320 3177 1346 3205 2
1759 3172 1870 3204 tium
