2221 3512
393 36 397 39 ·
444 25 560 92 DE
609 20 820 91 <3012
863 24 1271 91 TRAIANI
1313 28 1510 94 CAP·
1553 30 1667 94 ΙΠ-
1841 59 1916 119 91

102 158 135 187 'A
163 145 215 194 de
253 141 295 192 re
321 140 502 191 literariil
524 141 803 190 meritiffimis
822 138 1111 195 Casaubono‚
1140 140 1372 195 Salmafio,
1392 148 1435 188 δέ
1461 144 1649 190 Grutero
1675 148 1976 209 Interpretibus
1993 188 2006 202 .

161 213 313 279 -Qod
347 229 536 278 namque
573 229 623 258 ex
663 209 796 257 tribus
838 210 1034 258 nummis
1082 211 1308 268 Caracallae
1343 210 1459 277 apud
1485 217 1712 260 Occonein
1741 233 1840 262 cum
1880 220 2004 264 titulo

176 284 527 335 PONTIFlCIS
549 282 793 327 MAXIMI
810 276 886 327 sub
901 277 1354 328 secundaTfibunicii
1367 281 1686 347 Potestatepag.
1695 299 1714 342 3
1727 298 1806 338 69.
1819 293 1861 331 ἃν
1878 303 1897 343 3
1912 303 2006 345 70„

166 355 344 419 ,alioque
361 356 481 401 Getae
496 367 591 414 pag.
616 365 634 412 3
645 366 724 403 90.
753 350 798 395 in
815 350 1079 397 contrarium
1105 351 1224 416 argui
1237 351 1405 416 potest3
1436 353 1555 416 parui
1578 351 1690 416 apud
1707 354 1894 401 eruiitos
1912 373 2008 402 mo-

175 426 312 476 menti
338 423 444 470 eritz
470 423 592 468 Nam
607 419 652 466 in
671 418 784 466 Geta
801 451 813 473 ,
830 418 917 485 ipse
933 423 1057 468 Occo
1073 437 1307 469 nummum
1322 422 1627 487 corrigendum
1651 422 1868 487 agnoscit,
1891 432 1933 471 δε
1958 441 2008 471 ex

173 499 309 546 Notis
335 498 369 542 P
388 523 400 536 .
432 491 509 536 M.
534 487 642 536 hanc
669 490 842 537 vnicam
867 490 1064 538 PONT.
1094 491 1253 538 conflat
1274 521 1288 545 ‚
1315 506 1444 556 prout
1471 491 1696 539 emendare
1724 507 1886 557 cogunt
1914 494 2006 540 aliae

101 582 129 617 -1'3
173 577 320 613 omnes
344 576 630 608 nummorum
659 557 847 605 eiusdem
878 557 1206 623 inscriptiones:
1238 563 1284 607 in
1316 562 1550 608 Antonino
1581 577 1756 618 autem,
1786 561 2006 610 manifeste

128 675 132 678 .
165 634 362 694 deceptus
376 629 460 678 fuit
473 659 487 682 ,
502 642 550 675 vt
565 645 773 676 nummos
794 627 1081 692 Heliogabali,
1094 629 1323 677 titulorum
1337 629 1629 685 similitudine,
1646 633 1871 679 Caracallae
1885 632 2005 682 fuiIse

165 700 409 751 crediderit.
438 701 549 746 Non
567 697 704 745 solum
728 700 889 745 etenim
912 696 1248 746 contradicerent
1280 701 1454 747 nummi
1479 700 1543 746 illi
1569 701 1660 759 alijs
1677 700 2006 766 posterioribus,

162 773 243 838 qui
269 769 760 820 PONTIFICATVM
777 799 791 822 ,
808 785 898 814 non
913 767 1091 832 quidem
1107 770 1367 823 maximum,
1379 768 1514 836 Vsque
1529 769 1580 815 ad
1595 770 1684 817 eius
1704 772 2003 819 Tribuniciam

160 840 422 893 Potestatem
444 841 563 886 XIII.
578 839 785 885 retinent:
803 836 953 885 verum
971 840 1101 885 etiam
1117 839 1412 905 chronologiae
1428 843 1630 887 omnium
1651 839 1870 888 Fastorum
1884 846 2004 890 Con-

159 910 365 962 sularium
378 941 392 963 ,
410 909 456 955 in
469 906 626 972 quibus
643 908 694 955 ΙΙ.
715 907 952 956 Caracallae.
968 906 1212 956 consulatus
1228 926 1317 956 non
1335 906 1413 957 sub
1430 909 1682 957 Tribunicia
1717 910 1921 958 potestate
1947 915 2004 959 11.

94 980 126 1030 ‘c
162 981 231 1030 scd
246 979 323 1029 sub
339 977 490 1027 oenus
509 979 710 1043 reperitur
726 1009 737 1028 ,
754 978 947 1024 nummis
962 994 1141 1042 quoque
1156 978 1522 1026 consentientibus
1535 1011 1546 1022 .
1577 977 1623 1025 ld
1637 980 1745 1027 reste
1765 982 2002 1028 Panuinius

96 1045 102 1049 i
160 1050 364 1100 assecutus
380 1048 479 1102 fuit,
493 1046 598 1096 dum
614 1048 659 1094 in
676 1045 759 1094 suis
781 1045 903 1094 Fastis
919 1077 932 1102 ‚
952 1046 1212 1095 Tribuniciae
1229 1049 1454 1099 Potestatis
1478 1050 1656 1097 tertium
1677 1049 1859 1097 simul&
1875 1068 2005 1114 quar-¹

159 1136 258 1170 tum
272 1136 435 1166 annum
450 1135 549 1164 cum
567 1119 692 1164 tertio
706 1114 933 1165 consulatu
947 1148 959 1172 ,
973 1125 1016 1164 δέ
1033 1117 1086 1166 fic
1100 1116 1297 1183 deinceps
1313 1150 1327 1174 ‚
1342 1120 1572 1184 coniungit
1586 1138 1599 1176 3
1614 1137 1770 1185 gnarus
1785 1119 1927 1168 forsan
1945 1122 2005 1166 ita

161 1193 233 1242 M.
247 1188 475 1236 Aurelium
492 1187 700 1235 Caesarem
713 1184 956 1252 inscripsisse
975 1186 1273 1236 Tribuniciam
1291 1189 1401 1236 hanc
1423 1188 1679 1237 Potestatem
1696 1194 1794 1238 VII.
1823 1199 1861 1238 δι’
1884 1192 2007 1238 VIIL

159 1257 314 1309 eodem
329 1274 514 1305 nummo
530 1257 662 1305 relato
677 1274 750 1322 per
768 1256 1083 1321 Spanhemium
1098 1257 1204 1306 Diss-
1223 1261 1342 1308 VIII.
1356 1276 1455 1324 pag.
1473 1277 1588 1325 702.
1603 1289 1615 1312 ‚
1632 1276 1765 1324 quem
1782 1261 2003 1324 exquifitae

161 1330 337 1378 raritatis
351 1345 441 1375 non
471 1326 692 1377 immerito
725 1325 920 1390 praedicat
936 1362 949 1385 ,
981 1341 1190 1392 tanquam
1217 1329 1327 1377 cestii
1355 1328 1544 1394 quddam
1570 1327 1639 1375 die
1663 1328 1928 1395 perculsum,
1955 1331 2002 1377 in

90 1396 129 1449 b
163 1399 459 1447 renouationis
476 1397 599 1444 huius
626 1396 845 1445 potestatis
860 1428 873 1452 ,
899 1396 952 1444 de
980 1397 1065 1461 quil
1092 1396 1213 1463 supra
1232 1418 1284 1446 ex
1309 1401 1462 1446 Dione
1477 1398 1663 1446 diximus
1680 1430 1694 1455 ‚
1709 1401 1967 1447 memoriam
1986 1417 2002 1457 3

91 1463 109 1467 “
155 1470 204 1517 in
219 1468 412 1515 confinio
441 1465 597 1514 scilicet
626 1467 797 1515 alterius
813 1466 1028 1523 ceffantis2
1054 1467 1308 1534 alteriusque
1320 1483 1559 1533 prorogatae
1574 1507 1587 1520 .

154 1535 157 1537 ’
223 1543 350 1587 Dum
374 1537 485 1584 hanc
501 1556 697 1584 annorum
715 1546 930 1603 rationem,
950 1551 1157 1603 tanquam
1174 1557 1268 1587 eam
1284 1556 1382 1603 quae
1399 1557 1450 1585 ex
1480 1540 1632 1587 Solino
1653 1541 1765 1607 facit
1793 1539 1998 1588 cardinem

152 1616 364 1657 veritatis,
388 1606 634 1672 scrupulose
661 1610 915 1662 traStamus,
931 1611 948 1673 (
967 1607 1134 1671 plenius
1153 1607 1290 1655 adhuc
1313 1612 1423 1672 Cap.
1442 1609 1516 1655 vlt.
1541 1624 1715 1675 tempus
1739 1610 2003 1674 vtriusun'

151 1676 392 1741 triumphi,
418 1676 583 1742 aliaque
609 1676 661 1724 ad
676 1675 826 1723 seriem
850 1675 1034 1723 historiae
1048 1675 1243 1725 facientia
1264 1679 1546 1725 examinatur-i
1561 1681 1589 1736 j',
1605 1678 1734 1728 vnica
1766 1680 1998 1728 Neoterici

153 1745 451 1794 alleueratione
465 1778 477 1801 ,
491 1765 582 1796 rem
599 1761 645 1793 vt
657 1745 709 1793 fic
722 1745 861 1794 dicam
874 1745 1066 1793 funditus
1082 1746 1124 1794 su
1132 1747 1326 1796 buersam
1342 1745 1536 1795 admirati
1549 1747 1714 1796 fuimus
1733 1767 1746 1805 3
1764 1748 2001 1797 nescientes

84 1830 110 1866 ε
155 1835 204 1864 ex
227 1816 385 1881 quibus
407 1816 618 1865 chronicis
639 1816 752 1864 libris
779 1814 1032 1881 excerpserit
1053 1815 1253 1865 adnotata
1268 1816 1321 1864 ad
1337 1834 1528 1865 marmor
1551 1820 1690 1865 Arcus
1720 1819 1999 1868 Constantini

151 1885 230 1935 fol.
261 1891 424 1935 XVIII.
450 1888 562 1934 inter
590 1884 762 1938 Admir,
789 1890 981 1934 Roman.
1012 1888 1228 1954 Antiquit‚
1259 1887 1371 1936 hisce
1397 1886 1538 1936 verbis
1566 1890 2001 1937 RESTITVTORI

153 1959 330 2005 VRBIS
370 1955 455 2004 fiue
483 1959 710 2005 ADVEN
730 1958 831 2004 sVS
875 1958 1009 2003 AVG
1052 1960 1306 2007 ROMAM
1327 1960 1559 2006 *VLTRA
1599 1960 2000 2009 EVPHRATEM.

151 2026 233 2073 ET
261 2027 495 2075 TIGRIM
528 2030 618 2074 AD
647 2028 978 2075 ocEANvM
1010 2028 1415 2076 PROPAGATA
1439 2029 1714 2077 DITIONE
1742 2030 2001 2077 ROMAM

152 2096 250 2144 TR
269 2099 343 2144 ΑΙ
359 2101 399 2143 A
416 2099 463 2146 N
482 2099 517 2145 V
532 2101 558 2146 S
599 2098 1012 2145 INGREDITVR
1047 2101 1084 2145 E
1100 2099 1141 2146 T
1190 2101 1424 2147 DACIC
1439 2099 1518 2146 VS
1551 2098 1966 2147 APPELLATVR
1983 2100 2001 2142 .’

83 2229 91 2231 -
147 2164 319 2215 Totum
345 2165 454 2217 hoc,
489 2182 536 2214 vt
564 2166 703 2214 obiter
726 2185 969 2232 percurram
984 2170 1017 2222 ‚¹
1032 2168 1197 2217 mendis
1224 2168 1380 2222 scatet,
1410 2176 1455 2216 Sc
1486 2185 1577 2215 non
1594 2167 1669 2215 nisi
1686 2167 1812 2216 vnica'l
1843 2169 1999 2233 pariter

82 2246 105 2281 t
149 2234 303 2294 litura,
334 2234 517 2302 spongia
547 2235 705 2284 scilicet
730 2237 915 2285 obducta
942 2267 956 2292 ‚
984 2238 1270 2292 coiircendurn
1299 2256 1311 2285 :
1343 2255 1444 2285 nam
1468 2238 1686 2293 Traiano,
1722 2237 1999 2286 Restitutoris

151 2306 283 2352 ltaliae
296 2335 310 2360 ‚
329 2307 440 2372 quin
457 2306 549 2354 imo
569 2306 792 2356 Conditoris
812 2307 925 2356 Orbis
942 2309 1123 2375 vniuerfi
1144 2315 1531 2359 ΟΙΚΟΥΜΕΝΗΣ
1559 2312 1832 2363 ΚΤΙΣἸἩΣ,
1847 2314 2000 2373 Prepa

143 2378 288 2440 gatorie
307 2375 407 2424 orbis
435 2393 627 2425 terrarum
639 2408 653 2433 ,
672 2385 716 2426 Sc
734 2380 1038 2444 Locupleratoris
1055 2387 1218 2429 szum
1234 2402 1254 2430 ,·
1269 2377 1338 2425 sed
1356 2395 1586 2443 nunquam
1605 2382 1855 2441 Restitutoris
1880 2377 1998 2426 Vrbis

150 2444 327 2492 titulum
356 2443 616 2511 adscriptum
645 2448 843 2496 recordor
858 2470 877 2503 ,Δ
904 2451 1117 2514 Septimio
1146 2453 1303 2497 Seuero
1315 2447 1536 2513 primum,
1567 2457 1611 2496 δε
1634 2467 1738 2496 mox
1768 2447 1998 2496 Caracallae

152 2513 367 2561 tributum
395 2517 439 2561 in
460 2517 683 2572 nummis,
713 2535 759 2566 ac
776 2518 1064 2575 Constantio,
1092 2528 1135 2568 &
1159 2519 1259 2567 huic
1286 2517 1361 2584 ipsi
1389 2517 1677 2567 Constantino
1693 2522 1736 2566 in
1752 2517 1997 2582 lapidibus;

154 2580 297 2649 eoque
317 2584 630 2650 imprudentius
656 2587 724 2634 hic
752 2587 1039 2638 adinuentum
1055 2622 1069 2646 ,
1098 2588 1190 2654 quo
1205 2589 1302 2638 vere
1331 2587 1533 2636 odiosum
1558 2585 1999 2653 atqueinuidiosums

44 2715 51 2720 ἡ
81 2667 115 2702 ο
155 2657 377 2702 memoriae
391 2657 547 2720 optimi
564 2657 611 2702 ac
628 2656 804 2705 benefici
823 2660 1034 2723 Principis
1051 2664 1210 2708 Neruae
1225 2658 1363 2707 fuiffet
1377 2690 1392 2714 ,
1419 2660 1487 2706 cui
1502 2659 1713 2706 Traianus
1730 2677 1779 2705 ex
1796 2658 1998 2724 adoptio-

149 2739 206 2770 ne
219 2722 414 2772 succeffit
439 2757 451 2769 .
489 2727 722 2775 Traianum
737 2727 925 2794 denique
941 2733 1140 2778 Romam
1155 2727 1342 2796 amplius
1369 2729 1581 2778 adueniss'e
1598 2729 1827 2794 postquam
1845 2730 1896 2774 ad
1913 2732 1998 2774 Eu-

146 2794 342 2857 phratem
366 2803 409 2843 &
430 2796 598 2860 Tigrim
624 2800 832 2862 perrexit,
850 2809 871 2863 (
886 2817 973 2848 non
991 2802 1110 2849 enim
1137 2814 1236 2847 ante
1264 2798 1468 2847 accefl'um
1484 2798 1537 2846 ad
1551 2800 1795 2848 Orientales
1814 2799 1996 2845 Prouin-

144 2863 256 2917 cias,
285 2863 314 2910 fi
342 2878 509 2930 partem
539 2866 709 2915 Arabia>
733 2867 755 2914 ὲ
778 2869 923 2917 palmi
941 2874 1029 2918 eius
1048 2870 1243 2936 auspiciis
1271 2869 1554 2935 adquisitam,
1571 2872 1753 2936 excipias
1768 2900 1782 2923 ,
1807 2869 1996 2934 Imperio

145 2932 238 2979 illas
269 2932 457 2982 adiecisse
482 2935 720 3001 probatur)
749 2941 899 2986 Dacici
919 2941 1020 2988 vero
1034 2955 1384 3006 cognomentum
1405 2958 1456 2987 ex
1473 2940 1655 2988 Asiatica
1683 2940 1994 3006 expeditione„

147 3003 381 3074 reppgtaffe?
393 3005 571 3072 pulchre
591 3006 784 3073 quidem,
801 3007 869 3055 scd
888 3010 1008 3057 inani
1026 3012 1256 3060 verborum
1272 3009 1419 3058 sonitu
1435 3009 1521 3058 fine
1538 3011 1746 3061 sententia
1765 3011 1964 3058 dicuntur
1979 3039 1990 3052 .

200 3078 203 3082 '
277 3090 280 3094 ·
1266 3082 1321 3129 M
1360 3099 1389 3130 ι
1803 3077 1926 3124 Aste-
