2221 3512
342 188 427 276 48
599 181 1237 251 RAPHAELIS
1306 175 1878 245 FABRETTI

257 313 339 357 rias
355 302 549 374 hstium,
560 299 695 350 ordine
712 309 757 351 in
773 309 883 369 equis
899 302 1106 353 vehuntur
1116 323 1244 353 omnes
1258 335 1273 360 ,
1284 306 1400 372 quast
1409 304 1572 372 Epugmi
1585 303 1763 360 redeant,
1777 307 1948 352 coronati
1947 297 2100 369 fronde
2137 307 2170 352 'a

259 376 437 441 oleagini
454 371 532 424 :ad
544 372 661 436 quod
678 371 827 419 alludit
841 373 1009 421 Plinius
1023 373 1095 421 lib.
1111 377 1212 423 XV.
1225 392 1317 440 cap.
1330 379 1409 426 IV.
1426 378 1525 423 Oleae
1537 375 1713 422 honorem
1730 379 1913 424 Romana
1922 372 2098 437 maiestas

259 462 447 512 magnum
467 441 636 509 praebm't
653 472 666 494 a
698 459 850 489 turmas
863 450 1044 508 equitum
1059 442 1199 491 Idibus
1230 446 1347 510 Iulijs
1375 464 1423 492 ex
1452 447 1502 494 ed
1515 443 1725 492 coronando
1739 462 1752 490 .·
1767 449 1861 490 item
1889 438 2097 490 minoribus

256 511 468 578 triumphis
479 527 634 558 ouantes
649 527 660 556 :
679 513 879 558 Putarem
890 526 1114 577 propterea
1127 512 1279 560 exinde
1288 514 1475 562 vinoriae
1487 514 1664 560 alicuius
1677 511 1824 578 paullo
1835 523 1934 557 ante
1943 523 2093 575 partae,

256 594 300 635 ὅ(
323 579 463 633 forsan
489 579 651 628 naualis
669 610 682 633 ,
712 580 1006 628 celebritatem
1030 580 1252 647 significari
1281 613 1297 637 ‚
1326 581 1699 649 quemadmodum
1722 590 1765 629 &
1792 581 2014 646 Augustus
2040 597 2093 627 ex

256 655 409 703 Dione
423 647 497 695 lib.
511 652 674 698 XLIX.
691 648 787 714 post
804 651 956 698 nauale
978 666 1194 699 certamen
1219 670 1320 699 cum
1338 656 1430 699 Sex.
1447 653 1662 717 Pompeio
1673 668 1808 717 prope
1826 648 2096 701 Meffanamj

252 721 391 770 nauali
399 719 532 785 prelio
545 717 763 766 viffoiibus
779 727 895 768 etiam
908 739 1083 769 coronam
1100 740 1149 767 ex
1163 723 1247 770 oled
1261 719 1375 769 dedit
1393 753 1403 773 ‚
1431 736 1480 769 vt
1494 721 1603 768 olim
1620 722 1843 785 Spart'iatas
1857 717 2097 784 Eurybiadi
2139 717 2167 769 i}

250 808 299 838 ac
314 786 620 845 Themistocli,
634 789 679 832 in
696 789 920 851 praemium
936 790 1171 837 Salaminiae
1184 789 1237 836 de
1251 789 1367 839 claffe
1380 788 1604 839 Persarum
1624 790 1828 847 vi&0riae,
1838 787 1975 837 fecifl‘e
1986 787 2097 836 dixit

254 858 506 909 Herodotus
532 856 604 905 lib·
630 860 748 904 XIII.
776 874 866 923 cap.
886 862 1096 909 CXXIV.
1124 862 1223 906 Nec
1241 862 1356 907 enim
1375 859 1527 907 desunt
1553 862 1806 907 coniecturae
1821 859 1986 907 naualis
2009 857 2098 920 hoc

254 929 374 979 Bello
387 927 574 975 viuoriae
593 925 615 971 εὶ
635 926 824 973 Traiano
838 941 1058 990 reportatae
1070 959 1084 983 ‚
1099 945 1281 993 quarum
1298 931 1557 995 praecipuam
1585 928 1774 994 praebent
1786 927 1915 976 rostra
1930 927 2000 974 illa
2013 927 2097 978 in..¹

255 1012 458 1048 ornatum
474 994 717 1060 aquilarum
733 995 953 1061 assumpta,
968 996 1160 1062 primum
1180 997 1258 1044 sub
1274 1015 1429 1048 num.2.
1440 1016 1457 1057 5
1466 1018 1511 1054 9·
1528 1030 1542 1054 ,
1555 1007 1598 1046 δε
1611 997 1809 1064 proxime
1822 999 1868 1044 in
1883 997 2097 1048 concione

253 1086 372 1117 num·
395 1084 412 1114 1
423 1077 503 1126 67.
518 1081 531 1113 z
548 1065 738 1113 concinit
754 1082 933 1130 quoque
948 1083 1156 1116 nummus
1169 1070 1363 1116 Occonis
1376 1071 1420 1114 in
1440 1070 1628 1115 Traiano
1645 1084 1739 1132 pag.
1765 1086 1821 1123 19
1833 1072 1873 1116 8·
1889 1070 1969 1118 IV.
1986 1081 2094 1114 con·

249 1138 387 1186 sulatu
403 1133 522 1183 cusus
537 1165 551 1188 ,
568 1150 668 1182 cum
685 1135 875 1182 Victoria
890 1152 1024 1202 prorae
1056 1140 1180 1184 nauis
1198 1136 1405 1186 insistente
1420 1169 1435 1193 ,
1453 1139 1651 1202 exemplo
1675 1138 1766 1184 Titi
1791 1135 1970 1183 Caesaris
1984 1167 2000 1191 ‚
2025 1135 2101 1202 qui
2136 1151 2169 1185 c

249 1207 434 1255 similem
458 1221 695 1251 nummum
719 1207 773 1252 11.
801 1203 879 1251 suo
909 1205 1130 1254 consulatu
1163 1208 1476 1255 VICTORIA
1508 1209 1785 1256 NAVALIS
1813 1205 2100 1272 inscriptum..

250 1275 383 1326 edidit
397 1306 411 1331 2
429 1272 540 1338 apud
568 1275 775 1321 Patinum
800 1274 846 1321 in
859 1273 985 1322 Thes
1005 1274 1231 1325 Numism.
1260 1275 1382 1325 Med.
1409 1277 1658 1342 Magnitud.
1688 1294 1787 1342 pag.
1824 1280 1934 1336 148.
1962 1273 2099 1322 Aliud

247 1346 428 1394 demum
458 1342 667 1391 indicium
697 1343 905 1392 habemus
938 1363 990 1395 ex
1019 1348 1241 1393 mentione
1259 1350 1537 1394 Coronarum
1567 1347 1832 1394 clafficarum
1861 1346 1946 1393 hoc
1973 1344 2098 1392 Bello

244 1416 412 1466 Dacico
443 1412 758 1461 dist1·ibutarum
772 1443 786 1468 >
802 1415 848 1461 in
870 1413 1218 1480 inscriptionibus
1239 1414 1351 1480 apud
1371 1419 1606 1463 Gruterum
1629 1415 1706 1462 fol.
1724 1419 1938 1463 CDXVI.
1958 1422 2000 1463 &
2017 1413 2096 1462 fol.

250 1487 488 1534 CDXXX·
509 1499 551 1547 5·
568 1481 676 1531 infra
690 1487 799 1548 Cap.
819 1488 938 1532 VIII·
955 1483 1186 1536 inserendis
1203 1517 1214 1528 .
1250 1484 1433 1533 Classem
1448 1487 1568 1534 enim
1596 1486 1840 1534 instruaam
1854 1486 2096 1533 Traianum

249 1551 462 1608 habuiffe,
491 1557 511 1613 (
524 1566 652 1617 prout
672 1551 724 1599 de
747 1553 939 1619 Augusto
956 1555 999 1602 in
1015 1555 1324 1620 praeparatione
1341 1555 1447 1603 Belli
1475 1557 1625 1602 Dacici
1640 1554 1759 1619 supra
1779 1553 2003 1613 vidimus)
2027 1565 2095 1599 tot
2134 1551 2169 1602 15

249 1640 382 1675 naues
405 1622 651 1688 frequenter
677 1638 942 1670 occurrentes
964 1622 1150 1688 probant
1169 1641 1181 1670 ε
1210 1631 1253 1671 ὃ(
1267 1623 1351 1671 hoc
1373 1638 1519 1684 praeter
1535 1657 1547 1679 ,
1563 1626 1609 1671 in
1626 1624 1837 1690 lapidibus
1858 1623 1973 1688 apud
1985 1625 2102 1670 Gru-

249 1711 390 1744 terum
417 1692 585 1739 mentio
613 1704 726 1739 extat
750 1689 802 1740 de
818 1691 1014 1740 claffibus
1034 1691 1217 1740 Moeficz'l
1242 1700 1286 1740 ὃ(
1311 1693 1565 1741 Ρεηηοηίεᾶ
1582 1725 1594 1749 ,
1624 1712 1719 1758 quae
1749 1695 1856 1741 circa
1886 1693 2100 1743 Daciam..

250 1764 480 1816 stationem
497 1759 710 1806 habebant
723 1778 823 1826 pag.
846 1766 1101 1810 CDXCIII·
1124 1777 1165 1811 6.
1184 1771 1226 1811 δέ
1243 1764 1484 1811 DLXXV.
1505 1782 1547 1813 1.

315 1829 453 1895 Qod
468 1844 612 1877 autem
629 1830 794 1877 Plinius
819 1829 942 1897 supra
967 1847 1214 1879 memoratis
1229 1831 1369 1879 verbis
1388 1834 1551 1886 innuit,
1575 1833 1792 1879 minorem
1810 1846 1967 1892 nempe
1982 1829 2101 1878 olea}

249 1904 365 1970 ginae
380 1931 395 1956 2
414 1899 549 1966 quim
563 1900 713 1946 laureae
727 1916 900 1948 coronae
917 1902 1129 1948 honorem
1147 1900 1294 1958 fuiffe3
1325 1901 1369 1947 id
1385 1900 1614 1966 expressius
1633 1902 1836 1965 Virgilius
1856 1898 2097 1948 Aeneid.V.
2165 1954 2171 1962 .

252 1983 469 2039 aperuerat
483 1972 558 2017 :In
568 1970 742 2016 nautico
756 1973 870 2018 enim
888 1972 1133 2024 certamine,
1149 1974 1316 2017 Aeneas
1334 1970 1556 2017 Cloantho
1572 1972 1647 2035 qui
1664 1976 1821 2034 primas
1840 1971 1949 2024 tulit,
1961 1967 2097 2018 viridi
2143 1972 2171 2006 1

252 2041 417 2091 aduelat
444 2055 609 2104 tempora
636 2040 769 2089 lauro;
804 2043 880 2104 qui
908 2039 1013 2088 vcro
1033 2039 1233 2088 secundas
1260 2039 1512 2088 Mnestheus
1528 2072 1540 2096 ‚
1571 2043 1604 2086 is
1631 2040 1760 2087 viridi
1775 2039 1959 2087 euinilus
1981 2038 2022 2083 ol
2028 2039 2099 2087 wi
2167 2089 2169 2092 Α

252 2110 494 2161 inducitur.
523 2106 647 2155 Alias
663 2125 841 2174 quoque
862 2113 906 2157 in
922 2109 1147 2175 triumpho
1173 2111 1330 2156 milites
1352 2111 1562 2157 laureatos
1578 2107 1780 2156 inceffiffe
1796 2107 1883 2155 scio
1900 2125 1916 2155 ⁰.
1942 2104 2013 2153 sed
2028 2105 2101 2153 hic

252 2181 307 2230 ad
324 2179 521 2245 praelium
537 2177 775 2225 educuntur
791 2209 805 2233 a
820 2195 910 2226 non
928 2177 1034 2227 vero
1049 2179 1299 2244 triumphali
1315 2178 1480 2245 pompa
1496 2178 1875 2232 circumferuntur,
1891 2191 1940 2224 vt
1953 2176 2101 2241 patet-j

253 2248 256 2251 ⁴
321 2249 475 2312 ‘Lorica
489 2264 584 2312 quae
602 2246 773 2294 hamata
787 2247 940 2295 dicitur
952 2265 1073 2296 num.
1088 2268 1104 2298 1
1114 2263 1214 2315 47.‚
1233 2248 1288 2295 est
1302 2250 1444 2295 verius
1458 2248 1676 2314 squamea,
1691 2245 1762 2294 seu
1775 2249 1970 2312 plumata
1981 2261 2097 2293 nun-

253 2316 479 2385 cupandam
501 2316 603 2364 alias
624 2333 791 2365 corruet
807 2316 1045 2366 differentia
1065 2317 1339 2366 Authoribus
1367 2320 1541 2384 cognita
1562 2320 1674 2365 inter
1701 2332 1936 2382 virumque
1957 2316 2099 2362 loricae

255 2404 392 2456 genus
407 2416 422 2441 ,
438 2403 535 2451 quae
551 2394 594 2435 ὃ(
608 2385 704 2434 satis
721 2385 948 2453 conspicua
963 2386 1142 2435 habetur
1164 2389 1211 2434 in
1230 2389 1460 2435 Columnae
1477 2387 1560 2435 basi
1575 2417 1590 2442 ,
1620 2385 1697 2434 vbi
1712 2385 1813 2432 hinc
1829 2385 2071 2450 squamea*
2086 2413 2101 2439 ,
2146 2383 2172 2449 1}

257 2457 363 2519 inde*
373 2456 544 2504 hamata
561 2486 575 2511 ,
590 2456 705 2504 Italis
728 2464 860 2523 giacco
873 2488 888 2513 2
912 2459 1023 2504 inter
1037 2475 1209 2505 aceruos
1227 2458 1323 2505 illos
1338 2475 1559 2506 armorum
1575 2455 1833 2503 adamussim
1858 2453 2103 2518 effigiatur,

258 2543 375 2594 quos
401 2525 515 2572 male
534 2524 586 2572 ad
610 2542 733 2573 num.
753 2543 797 2587 7.
822 2526 1097 2592 Expofitores
1122 2527 1310 2595 trophaea
1323 2541 1525 2586 vertunt3
1551 2524 1713 2592 trophaea
1739 2526 1856 2572 enim
1875 2543 1926 2571 ex
1940 2522 2104 2571 Nonio

260 2595 548 2666 grammatico
567 2595 695 2659 spolia
712 2611 828 2660 capta
842 2599 933 2664 fixa
949 2604 992 2644 in
1002 2596 1200 2662 stipitibus
1215 2598 1493 2662 appellantur3
1522 2596 1611 2643 haec
1625 2594 1729 2643 vero
1746 2595 1980 2642 aceruatim
1998 2591 2107 2639 con-¹

263 2668 377 2735 gesta
393 2680 510 2714 arma
526 2662 745 2732 spoliaque
760 2693 775 2719 ‚
790 2665 961 2732 proprie
980 2684 1080 2713 cum
1099 2666 1203 2714 Silio
1217 2665 1290 2712 lib.
1312 2669 1382 2711 VI.
1401 2665 1577 2714 dicenda
1591 2665 1692 2714 sunt

950 2754 1201 2783 monumenta
1230 2734 1441 2800 triumphi:

267 2801 494 2870 postquam
510 2804 627 2851 enim
652 2803 763 2850 inter
778 2805 990 2870 triumphi
1005 2805 1160 2853 fercula
1183 2803 1319 2851 delata
1333 2819 1472 2859 erant,
1487 2803 1606 2852 domi
1622 2801 1987 2868 triumphantium
2001 2803 2015 2856 ᾧ
2031 2799 2104 2848 vel
2139 2799 2172 2851 ἐ

270 2876 317 2922 in
331 2877 533 2926 Deorum
546 2872 720 2938 templis
735 2907 746 2929 ‚
765 2876 897 2921 autin
910 2876 1056 2940 aliquo
1071 2872 1417 2939 conspefflffimo
1431 2876 1529 2921 loco
1560 2877 1576 2937 (
1595 2890 1642 2924 vt
1658 2873 1734 2921 sub
1749 2870 2001 2936 triumphali
2019 2869 2102 2926 hie

269 2942 496 2993 Columna
511 2945 531 3003 )
545 2941 890 2999 collocabantur3
918 2959 965 2992 vt
982 2963 1032 2991 ex
1047 2943 1320 2991 Authoribus
1336 2946 1485 2991 tritum
1501 2943 1558 2990 est
1570 2975 1582 2987 .

337 3015 595 3077 Antequam
612 3028 794 3059 manum
809 3013 861 3060 de
886 3013 1032 3062 tabulz‘i
1049 3014 1199 3060 tollam
1216 3044 1229 3066 ,
1258 3030 1350 3059 non
1367 3013 1499 3060 finam
1523 3009 1775 3060 inoffensam
1792 3007 1963 3057 transire
1979 3008 2105 3057 naui-¹

268 3083 493 3150 gationem
509 3111 524 3134 s
552 3080 637 3145 qus
667 3097 788 3128 num·
810 3096 871 3142 24
879 3100 919 3142 3.
950 3083 1103 3131 dicitur
1118 3084 1353 3131 Traianum
1368 3100 1467 3131 cum
1496 3083 1575 3130 suo
1591 3083 1773 3128 exercitu
1799 3079 2105 3129 Adriaticum..¹

268 3148 564 3220 transmisisse,
589 3148 825 3215 &quidem
851 3155 953 3201 anni
967 3168 1163 3219 tempore
1177 3169 1268 3203 non
1295 3149 1672 3206 satiscommod0‚
1699 3159 1741 3199 ἃ
1769 3151 1873 3198 mari
1900 3148 2102 3213 nondum

1926 3233 2040 3273 tuto,
