2221 3512
54 163 71 188 2
83 166 100 191 2
113 169 131 193 2
171 153 401 210 Transfugae
416 181 427 201 a
449 157 629 199 manibus
645 157 732 198 loro
748 158 833 211 post
848 168 956 211 terga
973 159 1150 202 rcuinc‘tis
1168 186 1180 205 ‚
1197 173 1244 201 ex
1262 162 1450 203 Romanis
1463 189 1474 208 ‚
1503 166 1563 205 vel
1581 164 1693 217 socijs
1708 192 1720 212 ‚
1738 169 1808 222 qui
1823 168 1871 210 ad
1891 169 1975 214 1)χᾲ

111 226 180 254 cos
200 214 495 268 confugerant,
513 216 672 260 traditi,
689 218 726 255 &
746 214 886 255 Caesari
900 217 1062 257 restituti
1081 232 1090 260 ς
1108 220 1253 260 crimen
1267 220 1374 260 iuxta
1389 221 1576 274 puniendi
1594 251 1602 260 .

53 270 78 292 ⁴
136 275 180 312 Se
189 283 279 322 pure
297 271 465 322 nonsono
474 272 633 327 prigioni
643 272 837 324 principali
853 302 862 311 .

56 341 76 367 ι
89 342 105 367 2
116 343 135 379 3
174 330 317 383 Reguli
336 355 349 375 2
366 332 403 370 δε
418 331 603 384 praecipui
622 330 823 369 Dacorum
841 330 960 370 duces
975 356 987 375 ,
1006 330 1251 371 Decebalum
1267 334 1415 386 Regem
1432 333 1539 377 suum
1556 338 1758 384 comitati,
1775 351 1864 380 ante
1878 341 1966 382 (3ae-

109 386 230 428 sarem
246 387 513 441 procumbunt
526 413 539 432 ‚
557 386 740 441 illiusque
758 386 793 428 se
809 388 975 441 imperio
993 391 1030 429 &
1047 388 1226 442 potestati
1240 388 1469 432 submittunt
1485 423 1495 432 .

53 456 72 484 2
85 458 135 496 ²4
168 445 372 485 Dracones
386 446 589 487 Dacorum
606 470 618 487 ,
635 447 671 484 δε
689 444 844 485 labarus
861 446 978 498 Regis
999 445 1213 489 Decebali,
1239 448 1388 500 aquilas
1404 449 1672 492 Romanorum
1688 451 1792 506 signa
1805 480 1818 495 s
1836 454 1962 496 Caesa„

94 500 238 557 >risque
252 502 427 543 labarum
445 503 710 556 &imaginem
724 528 736 547 2
752 503 1007 545 inclinatione
1024 505 1062 545 δι
1080 501 1324 546 submissione
1340 505 1510 562 quadam
1526 508 1713 555 adorant,
1735 514 1774 552 ὃς
1792 524 1832 552 vt
1850 510 1959 565 supe-

109 573 212 601 riora
226 572 454 608 tenerentur
470 588 480 598 .

52 631 72 657 2
84 629 130 666 25
167 615 385 658 Castella'&
403 631 512 658 arces
525 643 537 663 a
555 618 661 657 iuxta
679 618 783 670 pacis
800 618 1070 662 conditiones,
1088 618 1296 660 diruuntur
1308 647 1319 658 .

24 712 25 715 ,
51 680 134 714 226
167 676 268 715 Daci
286 689 375 715 cum
388 675 575 715 vxoribus
593 700 605 719 ,
622 677 659 714 &
674 673 762 724 filijs
778 701 790 718 ,
806 677 990 716 armentis
1006 702 1018 720 ³
1036 680 1073 717 δι
1090 676 1300 730 pecoribus
1312 702 1324 721 2
1341 688 1441 719 terra
1455 678 1660 721 discedunt
1675 707 1686 726 ³
1701 696 1819 736 quam
1832 682 1853 722 :i
1871 682 1960 723 fini-

104 734 210 774 timis
227 745 296 787 per
309 734 388 773 vim
404 743 615 787 ceperant,
642 731 716 772 suis
734 745 819 772 eam
835 734 1007 788 antiquis
1020 734 1173 774 colonis
1190 735 1433 776 restituentes
1450 748 1513 781 ‚vt
1527 735 1653 777 fuerat
1669 738 1822 779 foedere
1838 739 1959 779 sanci-

105 803 188 831 tum
205 819 215 829 .
243 790 440 831 Nonnulli
458 792 575 830 etiam
592 790 679 830 loca
696 791 857 834 munita,
875 790 1030 834 dulcem
1044 792 1204 846 inquam
1216 793 1393 845 patriam,
1409 792 1583 835 deserere
1598 797 1736 840 coacti,
1751 799 1789 836 in
1803 798 1958 851 aliaque

103 847 249 903 oppida
266 847 486 888 concedere
506 874 518 892 ,
536 850 574 888 δε
590 848 813 900 immigrare
828 847 923 892 iussi,
939 850 1045 902 pacis
1060 848 1220 889 decreto
1236 863 1473 904 perurgente
1491 879 1501 892 .

51 920 68 946 z
81 920 130 955 27
163 906 353 947 Traianus
370 904 778 959 Augustuslegionem
795 906 875 956 xiij.
893 906 1081 946 Dacicam
1098 906 1332 960 appellatam
1349 933 1360 951 ,
1377 921 1423 948 ex
1438 907 1624 961 superiori
1637 911 1956 955 Panuoniawisto

103 964 312 1005 Decebalo
327 989 339 1006 ‚
355 963 560 1004 abduc'tam
571 987 583 1006 ‚
601 962 730 1002 Daciae
744 961 916 1015 praeiidio
932 963 1119 1018 relinquit
1133 989 1146 1008 2
1161 963 1227 1004 vbi
1241 977 1344 1004 nunc
1359 965 1637 1020 Transyluania
1652 970 1690 1008 H
1695 970 1859 1021 ungariae
1873 969 1958 1008 exi-

107 1023 189 1064 stit;
217 1033 260 1062 vt
274 1019 471 1075 inscriptio
485 1019 588 1075 apud
608 1017 894 1075 Transyluanos
911 1034 1062 1075 reperta
1089 1021 1347 1078 comprobare
1359 1024 1485 1079 potest
1498 1050 1510 1069 ‚
1540 1026 1579 1066 in
1600 1025 1704 1066 hunc
1715 1026 1876 1066 modum
1892 1023 1954 1067 se)

103 1078 407 1178 issi‘zssvma
441 1134 585 1176 Ave.
613 1136 1022 1181 oMNipoTENT.
1053 1136 1142 1178 vm
1173 1136 1304 1179 ERAs
1333 1137 1669 1180 RHAMNVSIA
1687 1138 1953 1180 VEIERAS.

105 1193 397 1248 QANTVM
414 1192 612 1234 ABFVIT
631 1194 707 1234 NE
724 1193 887 1236 ROMA
902 1195 1170 1237 LVGERET.
1186 1197 1339 1236 VIVIT
1353 1196 1636 1238 TRAIANVS
1651 1199 1720 1239 VE
1736 1199 1842 1238 TIBI
1856 1199 1953 1239 DE-

92 1250 320 1294 ,CEBALE
337 1251 478 1291 MILS.
496 1251 615 1291 LEG.
634 1251 702 1291 VI.
722 1251 790 1291 ET
807 1253 916 1291 XIII.
935 1253 986 1294 G.
1004 1252 1241 1295 DEVOTIS
1259 1253 1545 1295 CAPITIBVS
1564 1283 1573 1292 .

101 1309 204 1350 Huic
221 1309 340 1362 igitur
355 1308 518 1360 legioni,
535 1308 745 1363 prouinciae
761 1309 974 1349 custodiam
991 1313 1027 1351 &
1047 1309 1259 1363 praeficliutn
1277 1311 1491 1351 committit
1504 1326 1513 1353 ς
1528 1311 1859 1365 commendatque
1873 1338 1885 1356 ,
1902 1324 1954 1354 ne

100 1367 280 1407 iniuriam
297 1366 359 1408 vel
375 1367 454 1407 vim
471 1366 644 1420 aliquam
662 1366 967 1419 prouincialibus
984 1367 1151 1408 inferant
1162 1393 1174 1411 ³
1190 1367 1241 1407 de
1253 1382 1332 1422 qua
1347 1367 1486 1410 merito
1503 1369 1607 1424 apud
1623 1368 1747 1424 ipsum
1761 1370 1954 1424 conqueri

98 1422 241 1478 possint
256 1449 266 1468 ³
283 1421 442 1464 subituri
460 1422 635 1464 seuerum
653 1422 882 1476 supplicium
901 1423 925 1464 fi
943 1423 1050 1465 secus
1069 1424 1234 1464 fecerint
1247 1454 1256 1465 .
1966 1422 1968 1424 ’

45 1494 63 1521 a
75 1485 123 1522 28
157 1480 351 1534 Trophaea
367 1494 414 1520 ex
431 1481 551 1520 Dacis
568 1483 605 1521 ὃ(
621 1481 804 1521 Sarmatis
818 1480 981 1523 deuictis
995 1508 1007 1526 ,
1023 1481 1213 1536 stipitibus
1230 1481 1415 1523 arborum
1431 1483 1542 1525 affixa
1555 1510 1566 1529 ,
1586 1485 1678 1525 loco
1695 1483 1851 1525 editiori
1867 1483 1953 1524 col-

96 1539 225 1579 locata
240 1564 252 1582 2
279 1540 318 1578 in
335 1539 492 1579 Traiani
507 1538 671 1592 Augusti
689 1540 917 1583 memoriam
933 1543 1058 1581 erecta
1074 1539 1246 1580 visuntur
1261 1565 1273 1583 ³
1299 1551 1349 1579 eo
1378 1541 1570 1594 praecipue
1584 1542 1677 1582 loco
1694 1568 1707 1586 ‚
1729 1541 1795 1582 vbi
1821 1541 1951 1582 hostes

95 1597 292 1651 profligati
310 1598 348 1636 δι
364 1595 484 1635 deleti
498 1594 654 1637 fuerunt
670 1625 679 1634 .
716 1598 760 1636 In
776 1597 896 1649 priori
913 1598 1089 1652 trophaeo
1103 1623 1115 1641 ‚
1145 1610 1191 1636 ex
1205 1595 1336 1650 spoliis
1354 1598 1537 1642 hostium,
1554 1599 1843 1652 conspiciuntur
1860 1598 1950 1638 dra-

94 1667 214 1694 cones
231 1652 400 1707 ipsorum
415 1652 519 1706 signa
531 1679 543 1697 2
559 1653 834 1708 paludamenta
850 1655 1146 1711 gentispropria
1159 1679 1170 1701 a
1196 1654 1314 1710 gale-ae
1330 1680 1343 1699 2
1361 1655 1514 1710 clypei,
1538 1655 1669 1698 labara
1682 1682 1694 1703 ‚
1712 1655 1792 1712 pila
1805 1681 1818 1701 2
1833 1668 1951 1697 veru-

99 1724 160 1756 ta,
178 1712 363 1765 pharetrae
381 1736 393 1754 ‚
414 1714 451 1750 δέ
471 1709 615 1763 sagittae
629 1741 640 1751 .

45 1784 124 1818 229
157 1769 330 1810 Victoria
345 1768 444 1808 alata
462 1794 473 1812 ‚
488 1769 586 1809 stans
603 1770 725 1823 ,pede
739 1769 891 1823 galeam
904 1772 1056 1813 calcans
1069 1799 1081 1817 ,
1099 1785 1200 1827 genu
1217 1770 1294 1812 basi
1310 1772 1500 1813 columnae
1517 1773 1649 1814 innixa
1666 1798 1679 1817 ‚
1709 1772 1835 1812 media
1850 1771 1951 1813 inter

95 1839 307 1881 Vtrumque
324 1826 541 1879 trophaeum
559 1852 570 1870 2
587 1827 684 1882 stylo
700 1828 798 1868 intra
815 1828 996 1883 clypeum
1012 1831 1122 1871 lauro
1139 1842 1370 1870 coronatum
1388 1843 1447 1870 res
1461 1830 1538 1869 hoc
1556 1831 1709 1870 Dacico
1724 1829 1838 1869 Bello
1851 1841 1949 1880 pra:-

97 1884 220 1924 claras
232 1911 243 1928 2
259 1883 368 1923 famae
381 1883 675 1938 posteritatique
688 1887 1041 1932 commendandas,
1055 1886 1224 1929 scribens
1241 1915 1251 1925 .
1286 1886 1388 1928 Baiis
1406 1899 1535 1929 aute-m
1564 1888 1753 1928 columnae
1767 1912 1780 1932 2
1798 1886 1861 1927 cui
1877 1885 1950 1926 Vi-

95 1944 216 1982 &oria
234 1942 437 1986 innititur,
453 1940 601 1982 firmam
614 1946 651 1984 &
668 1943 831 1984 solidam
849 1945 1015 1997 gloriam
1028 1945 1216 1998 significat
1235 1973 1245 1983 .

20 2018 21 2021 ¹
42 2013 61 2039 2
73 2012 91 2051 3
103 2014 125 2038 o
159 1999 342 2039 Alterum
360 1999 576 2052 trophaeum
590 2026 601 2044 ,
617 2014 752 2054 practer
766 2001 980 2043 draconum
999 2002 1103 2056 signa
1121 2029 1132 2047 ‚
1149 2003 1310 2056 clypeos
1333 2027 1345 2046 2
1358 2001 1488 2054 galeas
1502 2002 1651 2043 caelatas
1668 2029 1679 2047 ‚
1696 2000 1948 2056 paludamcn-
1989 2011 1992 2015 ’

90 2068 287 2100 1um‚cum
304 2058 423 2111 priori
440 2059 683 2101 communia3
699 2060 901 2099 thoracem
919 2060 1037 2101 habet
1056 2060 1222 2115 squamis
1239 2060 1344 2100 aereis
1361 2058 1581 2099 confectum
1597 2074 1606 2101 ;
1620 2061 1793 2113 gladium
1806 2058 1949 2112 capulo

95 2128 217 2154 aureo
235 2114 297 2154 vel
313 2115 488 2154 eburneo
503 2139 514 2158 ,
531 2115 628 2155 intra
644 2118 822 2170 vaginam
842 2118 1087 2158 reconditum
1102 2144 1113 2162 ‚
1141 2131 1237 2158 auro
1260 2115 1502 2170 gemmisque
1517 2129 1691 2157 ornatam
1706 2132 1715 2160 ς
1741 2118 1916 2156 acinaces
1932 2140 1947 2160 ,

92 2172 330 2225 plumbatas,
348 2174 386 2212 δε
401 2170 520 2211 falces
538 2174 722 2214 militares
740 2204 748 2212 .
775 2177 877 2214 Octo
895 2188 1024 2215 autem
1041 2176 1254 2216 draconum
1271 2173 1396 2226 ssgna,
1410 2177 1447 2213 ὅ(
1465 2174 1534 2214 tria
1550 2173 1679 2214 labara
1694 2175 1752 2214 his
1766 2171 1949 2225 trophaeis

92 2227 259 2283 appensa
275 2255 287 2273 2
300 2229 410 2284 quod
427 2229 593 2270 totidem
612 2230 776 2271 fortassis
793 2231 896 2285 ligna
915 2235 1107 2273 exercitus
1128 2232 1286 2275 Dacici³
1303 2234 1340 2272 δε
1358 2231 1476 2283 Regis
1494 2231 1686 2272 Decebali
1702 2232 1762 2276 ‚in
1777 2228 1946 2284 potesta.—

92 2300 171 2328 tem
189 2287 351 2330 Caesaris
369 2289 547 2328 venerint
564 2314 575 2332 ‚
589 2301 729 2343 totque
744 2287 889 2329 fuerint
904 2290 1071 2330 hostium
1089 2290 1264 2342 legiones
1283 2290 1493 2342 profligata:
1511 2317 1520 2325 .

42 2360 89 2396 23
106 2359 118 2386 1
155 2346 280 2397 Regia
297 2344 505 2389 Decebali,
521 2346 586 2386 vbi
604 2346 790 2400 palatium
811 2346 1242 2400 magnificentissimum,
1257 2345 1450 2386 columnis
1467 2348 1504 2385 &
1519 2344 1735 2397 porticibus
1751 2355 1946 2388 ornatum,

95 2402 144 2442 acl
161 2402 281 2455 ripam
299 2401 382 2441 lstri
396 2401 508 2442 situm
527 2418 536 2446 ς
553 2403 664 2457 quod
681 2405 869 2445 Traianus
886 2419 973 2444 cum
992 2406 1097 2458 regia
1113 2403 1340 2458 supelleetili
1366 2405 1577 2455 occupauit
1615 2419 1624 2441 :
1650 2401 1759 2456 quod
1790 2401 1948 2441 maximi

93 2460 285 2499 momenti
300 2457 375 2500 fuit
390 2458 438 2498 ad
452 2473 587 2513 pacem
603 2461 702 2500 inter
718 2462 908 2502 Caesarcm
927 2465 964 2502 δε
984 2461 1229 2502 Decebalnm
1248 2459 1533 2500 conciliandam
1550 2487 1559 2497 .
1585 2461 1630 2499 In
1649 2459 1801 2513 porticu
1816 2470 1946 2497 autem

92 2516 258 2571 supero,
284 2515 430 2560 statua,
458 2529 502 2556 vt
519 2518 713 2568 conjicio,
744 2519 856 2572 ipsius
888 2520 1080 2560 Decebali
1109 2520 1227 2572 Regis
1244 2516 1509 2570 conspicitur,
1534 2517 1596 2558 vel
1612 2517 1768 2558 alterius
1784 2513 1944 2569 infignis

92 2575 251 2614 maioris
267 2599 280 2618 ,
297 2573 366 2628 qui
382 2571 620 2626 praecefferat
633 2601 644 2619 2
662 2579 822 2630 proprio
839 2578 1041 2617 Dacorum
1056 2576 1191 2616 habitu
1207 2575 1345 2616 induta
1362 2603 1372 2612 .

39 2646 116 2685 232
151 2634 269 2672 Porta
284 2631 379 2684 regij
402 2631 531 2684 palatij
549 2658 561 2676 2
579 2633 659 2673 Istri
676 2635 828 2675 fluentis
843 2636 1030 2688 contigua
1046 2660 1058 2677 ,
1079 2635 1117 2673 in
1131 2634 1241 2675 cuius
1259 2631 1440 2685 supremo
1456 2632 1590 2672 limine
1604 2658 1617 2676 ‚
1644 2633 1715 2672 tria
1730 2629 1949 2670 iuuenurm'

94 2689 198 2730 nuda
213 2688 441 2729 simulachra
454 2714 466 2732 ‚
483 2687 649 2742 singulas
666 2689 769 2731 faces
783 2692 958 2732 accensas
975 2692 1169 2734 tenentia,
1181 2688 1356 2731 visuntur
1371 2719 1379 2727 .
1418 2693 1600 2744 Qorum
1614 2714 1627 2733 2
1645 2686 1754 2744 quod
1770 2686 1945 2727 medium

93 2748 146 2787 est
159 2773 170 2790 ‚
186 2746 355 2786 indicem
373 2745 551 2788 dextrum
568 2761 655 2786 cum
673 2749 835 2789 brachio
851 2750 1046 2789 eleuatum
1067 2748 1206 2792 habet,
1228 2746 1368 2788 finisti-a
1382 2745 1505 2787 facem
1524 2758 1630 2788 tenet
1644 2771 1655 2789 ‚
1681 2745 1777 2786 ficut
1791 2743 1942 2797 reliqua

90 2803 363 2848 duo2dextra:
381 2816 507 2858 eaque
523 2805 678 2845 Larium
696 2805 921 2847 simulachra
937 2806 1141 2846 existimari
1157 2803 1311 2858 poisunt
1326 2829 1336 2848 ,
1353 2803 1374 2844 a
1395 2805 1514 2844 Dacis
1530 2805 1582 2844 ita
1599 2802 1762 2857 exprimi
1779 2800 1912 2841 solita-2
1926 2825 1942 2846 ‚

93 2861 238 2916 quibus
254 2864 292 2902 ὃ(
308 2861 481 2902 custodia
496 2861 637 2902 domus
653 2877 752 2904 curae
769 2862 860 2904 esset
874 2890 886 2907 ,
902 2876 1040 2917 vtpotc
1056 2877 1141 2918 quae
1158 2863 1298 2903 starent
1309 2887 1322 2906 ‚
1349 2865 1388 2902 ὃς
1404 2861 1644 2902 excubarent
1660 2861 1708 2901 ad
1722 2858 1862 2901 aedium
1877 2856 1942 2897 fo-

90 2932 152 2960 res
167 2944 180 2963 ,
195 2919 374 2974 nihilque
391 2918 480 2959 illos
495 2919 754 2961 domesticum
769 2922 889 2961 latere
904 2919 1031 2975 poffet
1042 2947 1054 2965 ,
1066 2920 1135 2975 qui
1153 2921 1245 2973 igne
1259 2931 1528 2973 perpetuaque
1540 2918 1629 2958 luce
1642 2927 1940 2960 vterentumna·

88 2977 276 3030 ximeque
290 2975 368 3017 fida
383 2977 522 3017 incolis
539 2976 668 3018 forent
680 3003 692 3022 ‚
708 2978 819 3032 quod
836 2992 904 3032 pcr
918 2978 1057 3018 indicis
1071 2978 1335 3017 eleuationem
1348 2974 1436 3016 satis
1452 2974 1718 3030 fignificabant
1730 3004 1740 3013 .
1778 2971 1863 3014 Nifi
1879 2983 1942 3033 tq-

92 3046 175 3074 tum
190 3035 268 3074 hoc
284 3046 584 3075 monumentum
602 3033 721 3076 fuerit
732 3061 745 3080 ,
773 3036 885 3090 quod
899 3036 1088 3076 Traianus
1103 3033 1302 3087 Augustus
1317 3035 1356 3073 in
1370 3032 1679 3074 Alemannorum
1709 3030 1792 3073 solo
1805 3028 1942 3069 condi-

88 3091 148 3133 dit
161 3116 174 3135 >
185 3089 335 3146 suoque
350 3093 510 3132 nomine
524 3093 760 3146 appellauit,
774 3094 884 3133 cuius
902 3093 1082 3133 meminit
1099 3091 1168 3131 lib.
1189 3105 1204 3130 1
1215 3105 1251 3140 7.
1267 3090 1500 3132 Ammianus
1516 3091 1770 3131 Marcellinus
1783 3114 1796 3130 ‚-

26 3153 53 3177 ¹*
113 3145 355 3203 Vedefiff’re
369 3152 533 3189 vn’Arco
546 3149 588 3187 st>
599 3146 721 3198 l’Istro
736 3149 773 3189 in
790 3149 918 3190 honore
931 3150 972 3190 di
986 3147 1156 3190 Traiano
1173 3164 1184 3193 3
1208 3148 1242 3188 tc
1248 3146 1379 3197 statue
1391 3162 1460 3188 non
1475 3146 1688 3200 hannofaci
1697 3172 1710 3191 2
1730 3141 1793 3184 md
1804 3138 1942 3204 .⁶²⁴³¹.“’,

78 3205 144 3263 ‚esi
151 3205 358 3262 rtfertfiono
374 3208 429 3248 ad
444 3212 489 3253 H
492 3207 603 3250 creole
619 3233 632 3255 2
646 3207 693 3255 ᾤ’
704 3205 728 3250 a*
741 3207 907 3250 Traiano
913 3208 983 3263 pit>
997 3207 1119 3262 cl‘ogni
1130 3206 1226 3247 altro
1238 3206 1310 3250 Dio
1321 3205 1347 3247 αὶ
1362 3205 1416 3246 lui
1428 3206 1553 3248 diuoto
1571 3235 1583 3262 3
1625 3204 1689 3263 §li
1716 3197 1944 3310 altr-tsedficq

344 3266 353 3267 ‘
418 3264 428 3268 ⁴
1087 3263 1116 3309 d
1297 3264 1300 3265 ’
1338 3262 1346 3266 “
1447 3263 1451 3265 ⁴
1821 3268 1885 3294 ono
