2221 3512
346 231 433 297 40
611 206 1252 276 RAPHAELIS
1318 213 1876 280 FABRETTI

325 320 476 387 Sitque
503 318 652 388 ‘paullo
666 337 788 376 ante,
819 322 934 387 legio
954 338 1060 389 '‘quae
1088 324 1277 389 sequitur
1302 325 1490 388 aquilam
1520 342 1641 372 num.
1668 343 1687 373 1
1703 328 1777 373 28.
1798 315 2099 369 commiscendi⁸
2132 326 2165 385 'q'

253 389 357 439 cum
371 391 460 451 alijs
479 393 635 456 aquilis
663 409 679 441 1
694 410 766 457 29.
794 399 838 439 δε
861 408 878 438 1
892 408 913 452 3
925 410 968 442 0.
985 411 999 449 3
1016 394 1112 440 licet
1128 392 1379 440 intermedia
1395 395 1443 441 sit
1455 395 1634 459 lignatio
1647 395 1837 442 militum
1853 408 2002 441 num-1
2015 395 2090 439 28.

258 461 453 525 Itemque
469 462 676 509 Traianus
691 460 837 525 praelio
848 461 1036 510 intereffe
1047 462 1216 516 dicitur,
1231 464 1306 526 qui
1322 462 1466 527 potius
1485 479 1581 510 ante
1595 465 1736 512 Castra
1747 492 1762 517 ,
1775 462 1844 511 vel
1860 459 2092 526 Oppidum

263 530 368 577 illud
391 546 442 589 13
462 548 496 578 1.
514 545 721 576 euentum
738 534 928 595 expectat
942 562 956 585 ,
980 531 1205 597 postquam
1223 548 1355 580 vnam
1369 541 1413 580 δε
1427 533 1600 580 alteram
1615 536 1833 598 legionem
1846 543 2096 598 pugnatum

261 598 431 647 miserat
445 628 458 652 a
476 613 568 644 non
591 600 690 646 totis
709 602 868 647 viribus
891 599 1173 648 decertaturus
1186 634 1198 646 .

330 671 580 732 Nunquam
596 670 750 733 pariter
773 671 970 718 animum
998 670 1228 728 inducam,
1254 670 1567 736 profectionem
1596 672 1828 726 exercitus,
1853 685 1950 736 quae
1965 666 2097 716 nobis

258 736 504 786 describitur
518 751 708 786 num.26
710 757 757 793 9.
773 772 787 794 ‚
802 740 989 805 incipere
1004 741 1026 787 εὶ
1042 742 1127 788 leui
1142 741 1352 789 armatura
1364 758 1485 789 num.
1504 757 1564 802 27
1574 759 1616 806 5.
1634 742 1760 806 3quia
1774 739 1872 787 licet
1886 740 2094 804 Vegetius
2137 741 2165 794 εξ

256 807 330 857 lib.
349 810 424 855 111.
439 823 529 871 cap.
547 810 625 857 VI.
657 808 806 855 doceat
819 840 833 864 ,
862 811 990 856 etiam
1019 811 1064 858 in
1082 812 1231 858 itinere
1261 811 1403 858 leuem
1431 824 1688 858 armaturam
1713 807 2058 875 praemittendam
2076 825 2092 855 ε
2160 807 2163 809 ’

258 892 405 925 tamen
420 878 559 922 inanis
576 894 712 942 operae
728 878 784 924 est
799 908 814 932 ,
829 877 916 925 haec
928 892 1018 926 tam
1038 880 1177 927 exacte
1202 882 1248 927 in
1261 897 1476 928 marmore
1490 897 1677 944 quaerere
1690 909 1705 934 ,
1722 879 1796 926 vbi
1810 878 2096 929 sUmmatim

260 963 323 995 res
338 948 622 1011 attinguntur,
636 945 729 993 imo
745 948 816 994 vix
829 946 1072 996 indicantur
1087 968 1099 1006 3
1116 967 1219 997 nam
1236 951 1264 998 fi
1281 949 1332 996 ad
1348 950 1518 1016 Vegetij
1534 966 1735 996 normam
1749 950 1980 996 exercitum
1998 965 2096 1011 arn-1

256 1016 400 1063 bulare
414 1013 603 1062 dicamus
618 1045 631 1070 ,
655 1015 857 1062 deficiunt
873 1020 1037 1081 equites
1065 1021 1109 1065 in
1128 1021 1272 1085 primo
1287 1021 1488 1084 agmine3
1514 1017 1883 1083 &impedimenta
1908 1035 1955 1065 ac
1972 1016 2094 1064 vehi-

257 1086 353 1132 cula
367 1115 382 1138 ·,
398 1102 492 1149 quae
508 1086 615 1131 inter
628 1087 864 1150 postremos
881 1087 1049 1134 ordines
1064 1107 1180 1137 num.
1204 1107 1310 1151 270.
1325 1088 1520 1136 visuntur
1535 1119 1549 1143 ,
1577 1090 1622 1134 in
1646 1086 1792 1135 medio
1807 1088 2005 1133 collocari
2019 1085 2094 1133 de-'

259 1153 467 1209 buiss'ent3
498 1161 538 1200 &
560 1154 775 1218 postremo
803 1156 1031 1220 Oppidum
1059 1167 1102 1205 δε
1120 1160 1262 1207 Castra
1277 1189 1291 1213 ,
1321 1175 1417 1224 quae
1444 1160 1492 1205 in
1520 1156 1665 1206 medio
1691 1170 1918 1222 occurrunt
1935 1187 1951 1211 ,
1974 1157 2085 1204 hanc
2128 1176 2161 1224 Q

259 1224 465 1273 exercitus
480 1222 801 1271 ordinationem
817 1225 986 1289 penitus
1000 1228 1283 1275 interuertunt
1297 1260 1309 1272 .

327 1291 422 1340 Hz'ic
436 1291 487 1339 de
501 1310 543 1340 re
558 1293 738 1341 verbum
753 1312 845 1341 non
859 1296 1043 1360 amplius
1065 1297 1218 1345 addam
1235 1329 1249 1352 ,
1278 1297 1507 1363 postquam
1522 1297 1652 1345 verba
1668 1295 1860 1344 conserta
1871 1296 1984 1342 inter
2001 1294 2097 1342 Ross

259 1364 442 1412 manum
469 1380 592 1410 num·
622 1381 735 1431 279.
751 1395 765 1418 ,
794 1373 834 1411 &
859 1369 1033 1412 Dacum
1057 1383 1179 1413 num.
1215 1372 1325 1415 280.
1358 1365 1572 1432 paulisper
1587 1366 1901 1414 auscultauero.
1935 1368 1994 1412 Hi
2012 1381 2095 1418 ne,

258 1437 454 1498 inquam,
465 1431 728 1480 deditionem
743 1432 1017 1490 meditantur,
1031 1439 1105 1501 qui
1121 1454 1222 1483 mox
1236 1437 1409 1483 infenlis
1423 1438 1580 1483 animis
1591 1436 1699 1484 adeo
1715 1437 1864 1483 acriter
1875 1433 2094 1500 pugnam&

260 1512 303 1552 ὃ(
321 1503 606 1550 Centuriones
635 1502 734 1549 ideo
759 1503 819 1549 ibi
833 1503 1144 1553 frumentatum
1162 1507 1318 1553 milites
1335 1506 1523 1553 educunt
1538 1541 1552 1564 ,
1569 1510 1587 1567 (
1602 1506 1891 1553 Centuriones
1906 1506 2024 1551 enim
2040 1520 2094 1550 ex

262 1572 491 1636 chlamyde
523 1579 566 1618 &
583 1572 738 1637 clypeo
754 1590 825 1619 eos
840 1573 916 1620 effe
930 1576 999 1622 aio
1015 1605 1029 1628 ,
1047 1592 1158 1640 quos
1176 1575 1451 1622 Excubitores
1468 1578 1663 1635 vocant)
1684 1589 1732 1623 vt
1748 1575 1848 1621 cum
1862 1575 1925 1621 isti
1942 1576 1986 1620 in
2001 1571 2099 1619 sub·
2132 1573 2167 1625 ὀ

261 1641 468 1690 urbicario
485 1639 570 1704 (fic
587 1642 773 1704 volunt)
790 1659 894 1706 agro
910 1644 1097 1691 inimicae
1115 1644 1244 1692 Vrbis
1259 1645 1402 1709 fruges
1420 1644 1585 1693 vastant
1601 1676 1615 1701 ,
1630 1645 1693 1691 illi
1709 1662 1783 1709 per
1797 1647 1939 1691 otium
1955 1643 2097 1689 obiter

261 1711 424 1758 bellum
440 1725 724 1774 componant,
739 1716 807 1773 (vt
822 1712 929 1759 olim
945 1713 1223 1760 Excubitores
1239 1718 1550 1761 Romanorum
1570 1724 1609 1763 δι
1625 1715 1858 1761 Gallorum
1872 1712 1946 1759 sub
1960 1717 2096 1759 Bren-

259 1799 336 1835 nO,
350 1779 450 1827 teste
465 1780 694 1826 Plutarcho
707 1783 751 1827 in
764 1780 854 1829 vita
870 1783 1075 1842 Camilli)
1095 1792 1135 1830 δέ
1149 1782 1224 1829 sub
1241 1784 1336 1847 ipsis
1351 1784 1575 1832 moenibus
1589 1802 1686 1831 cum
1701 1783 1817 1830 hoste
1830 1781 2062 1847 transigant
2075 1782 2094 1829 ζ

262 1849 391 1898 Certe
407 1848 551 1908 eximii
571 1853 709 1913 operis
727 1850 836 1897 hanc
853 1850 1105 1914 scalpturam
1120 1851 1195 1898 effe
1209 1870 1300 1900 non
1316 1856 1469 1917 ignoro
1481 1884 1495 1907 ,
1523 1870 1614 1899 non
1628 1867 1774 1900 tamen
1789 1852 1993 1899 hackenus
2005 1851 2096 1897 ani·-

260 1936 359 1968 mos
374 1920 418 1965 in
437 1920 526 1965 eius
542 1920 801 1984 imaginibus
816 1919 1049 1986 introspexi
1064 1952 1077 1976 ,
1093 1937 1221 1985 prout
1237 1924 1496 1970 Neotericus
1509 1953 1522 1975 a
1537 1924 1612 1986 qui
1627 1924 1918 1969 turbationem
1934 1952 1947 1974 ,
1961 1938 2095 1985 pauo·
2220 1973 2221 1980 ἵ

260 2008 351 2038 rem
366 2019 379 2043 ,
392 1987 622 2034 deditionis
635 1990 947 2053 cogitationem
959 1991 1152 2055 agnoscit
1167 2023 1181 2046 ,
1209 2001 1253 2040 ὃς
1265 1991 1434 2038 tantum
1450 2009 1540 2040 non
1554 1991 1682 2039 verba
1696 1991 1820 2038 refert
1837 2011 1849 2047 3
1877 1996 1934 2037 ita
1953 2004 1998 2037 vt
2013 1990 2098 2036 mi-
2139 1990 2166 2042 ε

261 2058 342 2106 nus
358 2058 518 2105 mirum
548 2058 635 2104 iam
663 2057 739 2112 sit,
766 2059 886 2123 quod
904 2061 1071 2107 Plinius
1101 2061 1175 2107 lib.
1193 2065 1379 2109 XXXV.
1395 2079 1486 2126 cap.
1507 2067 1564 2108 X.
1595 2060 1647 2108 de
1674 2059 1858 2108 Aristide
1882 2059 2095 2107 Thebano

261 2125 457 2194 praedicat
472 2155 485 2181 2
499 2133 542 2174 Is
558 2134 736 2174 omnium
750 2137 903 2192 primus
915 2159 930 2183 ‚
945 2132 1002 2177 ait
1018 2128 1088 2176 ille
1106 2165 1117 2187 ,
1132 2139 1319 2177 animum
1331 2140 1476 2196 pinxit
1491 2161 1505 2185 ,
1522 2139 1583 2182 <9⁸
1591 2129 1734 2196 fiensus
1750 2149 1882 2177 omnes
1899 2128 2071 2195 expreffit
2083 2158 2100 2184 ‚

262 2216 356 2265 qnos
389 2214 532 2244 vocant
549 2200 592 2244 G
595 2201 677 2245 ναὶ
711 2195 796 2245 ethe
819 2218 829 2244 .·
859 2204 953 2246 item
977 2198 1285 2265 perturbationes
1303 2222 1324 2249 ,·
1346 2208 1490 2265 pinxit
1506 2211 1562 2252 (9·
1579 2199 1868 2266 fiepplicantem
1879 2196 1982 2263 pem2
2006 2215 2100 2244 cum

265 2285 372 2313 rvoce
385 2299 397 2310 .

330 2338 487 2401 Ingens
501 2338 629 2382 etiam
644 2335 796 2399 pathos
811 2339 996 2385 excitant
1008 2369 1022 2393 ,
1037 2346 1078 2385 δέ
1093 2340 1254 2385 Ixionis
1268 2353 1538 2386 tormentum
1554 2339 1694 2388 verbis
1713 2338 1922 2385 extollunt
1934 2367 1946 2390 ,
1959 2337 2006 2382 in
2020 2335 2104 2382 illo-

260 2404 400 2454 'milite
418 2438 433 2462 ‚
467 2419 513 2453 vt
529 2407 650 2451 aiunt
662 2436 677 2457 ,
706 2420 812 2452 rotae
838 2409 1014 2473 alligato
1028 2407 1105 2453 sub
1124 2425 1246 2455 num.
1276 2411 1380 2468 164.
1418 2413 1628 2457 Attamen
1655 2427 1708 2455 ne
1726 2409 1919 2455 videntes
1935 2420 2098 2468 pertur-
2146 2418 2172 2467 ξ

263 2474 417 2522 bentur
432 2504 447 2528 ,
475 2475 607 2522 sciant
621 2492 670 2521 ex
684 2474 811 2521 nobis
827 2508 840 2530 ,
872 2491 1011 2525 rotam
1027 2479 1146 2524 illam
1159 2479 1382 2543 poenalem
1400 2497 1567 2526 merum
1583 2479 1754 2542 pietoris
1767 2477 2101 2524 deliramentum

261 2541 340 2592 effe
356 2561 368 2590 ε
385 2557 518 2608 atque
533 2543 780 2592 humaniori
794 2543 1030 2610 speritaculo
1046 2548 1189 2595 virum
1204 2550 1458 2612 quempiam
1472 2550 1580 2596 inter
1594 2548 1742 2612 spolia,
1754 2555 1798 2594 Sc
1812 2544 2102 2608 impedimen-

258 2627 304 2678 ta
317 2611 440 2677 super
456 2631 579 2661 curru
604 2614 811 2660 iacentem
840 2615 1056 2682 conspici,
1084 2618 1160 2681 qui
1177 2618 1421 2664 vulneratus
1446 2631 1517 2663 aut
1546 2631 1756 2681 aegrotans
1771 2615 1825 2662 ad
1840 2612 2102 2661 curandum..

263 2679 526 2747 asportatur3
555 2684 781 2748 (proxima
804 2687 922 2733 enim
937 2687 1102 2733 curatio
1115 2687 1304 2750 plurium
1331 2688 1524 2734 rnilitum
1553 2686 1787 2733 ostenditur
1811 2701 1933 2730 num.
1957 2684 2102 2743 168.)

263 2765 314 2811 pt
329 2749 477 2798 similis
502 2753 676 2799 Traiani
702 2753 834 2817 pietas
862 2772 959 2819 erga
985 2754 1083 2801 suos
1109 2756 1269 2802 milites
1295 2755 1645 2810 commendetur,
1659 2756 1706 2801 ac
1722 2752 1992 2818 Lampridius
2009 2750 2102 2799 de)
2162 2816 2165 2817 ⁷

262 2823 424 2886 §euero
440 2820 688 2869 Alexandro
702 2823 749 2869 in
777 2825 864 2871 eius
882 2824 982 2872 Vita
1001 2824 1068 2871 his
1094 2823 1230 2871 verbis
1257 2840 1598 2879 commemorat,
1618 2829 1877 2891 Aegrotantes
1906 2821 1983 2886 ipfie
1999 2819 2102 2882 visi·
2133 2830 2167 2879 G

269 2898 381 2938 tauit
402 2905 468 2953 per
486 2898 648 2938 tentoria
662 2921 677 2946 ‚
703 2895 848 2941 milites
863 2902 982 2941 etiam
997 2895 1159 2941 Ultimos
1171 2925 1185 2948 ,
1212 2904 1270 2945 (φ
1302 2903 1497 2959 carpentis
1514 2903 1630 2942 vexit
1644 2925 1659 2949 >
1673 2905 1728 2944 <V
1743 2891 1916 2939 omnibus
1935 2890 2102 2953 net-'effi‘-

265 2963 335 3026 rijs
346 2956 511 3006 adiuuit
527 2977 537 3004 ε
557 2959 795 3024 feceratque
812 2963 1026 3010 {Labienus
1041 2965 1085 3010 in
1103 2964 1224 3009 Bello
1241 2962 1448 3009 Africano
1464 2982 1539 3029 per
1560 2965 1752 3010 Hirtium
1768 2960 1976 3024 descripto
1989 2988 2003 3012 ,
2019 2959 2097 3022 qui

263 3037 310 3077 δε
334 3026 425 3093 ipse
439 3031 594 3091 saucios
615 3029 709 3091 suos
721 3064 735 3087 ,
765 3051 928 3097 quorum
957 3051 1147 3078 numerus
1175 3040 1372 3079 maximus
1387 3034 1482 3100 fuit
1509 3067 1524 3091 ,
1554 3032 1654 3100 iuffic
1681 3041 1722 3079 in
1744 3033 1894 3095 plostrts
1913 3028 2099 3092 deligatas

264 3095 574 3148 Hadrumetum
602 3096 799 3162 deportari
821 3139 834 3151 .
864 3102 986 3163 Qu
1010 3102 1139 3148 ctiam
1165 3117 1255 3147 non
1285 3115 1375 3147 tam
1392 3106 1544 3165 pietate
1559 3132 1573 3155 ,
1609 3101 1742 3165 quam
1758 3112 1843 3146 arte
1862 3102 2067 3144 Ducum...
2082 3123 2119 3151 ,·

266 3181 317 3216 vt
332 3166 487 3234 milites
515 3165 566 3212 ad
583 3168 769 3235 pericula
796 3184 1023 3235 promptos
1042 3168 1271 3239 haberent,
1289 3169 1331 3237 id
1345 3169 1434 3219 fieri
1461 3171 1638 3227 solitum
1661 3169 1780 3219 fuiss'e
1802 3168 1955 3220 crede,
1984 3165 2102 3230 post-

1901 3253 2033 3301 quam
