2221 3512
355 170 509 258 :395
672 166 1310 236 RAPHAELIS
1400 156 1971 241 FABROETTr

296 286 477 357 pendio,
495 284 565 334 vel
577 287 742 336 maiore
759 287 926 349 Claudii
943 286 1081 352 gloria
1097 320 1115 347 ,
1126 285 1340 354 copiosius
1354 303 1469 353 aqua
1477 284 1693 344 difflueret
1707 284 1880 352 ;,quaefi
1892 286 2074 339 nonnisi
2084 288 2136 339 ad
2164 308 2196 342 *A

1276 358 1475 405 medium
1505 357 1742 405 altitudinis
1769 357 1979 423 spatium?
1993 355 2134 409 decre-

291 449 345 492 Α
1281 427 1402 474 uisset
1416 429 1462 473 in
1476 441 1634 475 cratere
1650 433 1690 474 A
1709 431 1744 475 B
1761 431 1978 492 C,<quem
1992 442 2132 492 aequa-

339 499 1187 613 w
1277 498 1373 544 liter
1396 498 1658 545 inclinatum
1686 497 1977 564 supponimus
1999 500 2020 559 )
2049 498 2130 547 hoe

463 597 479 609 .
981 610 1030 656 a
1277 567 1335 614 est
1353 564 1487 631 vsquc
1499 565 1551 612 ad
1565 569 1612 614 D
1622 570 1659 614 E
1675 584 1690 623 3
1723 585 1818 616 area
1830 567 2045 644 portionis
2059 585 2131 616 ex-

550 609 956 721 v
1277 635 1434 684 siccatae
1457 667 1473 693 ,
1516 652 1611 701 quae
1638 637 1733 683 alba
1760 652 1957 685 remanet
1993 653 2041 684 in
2069 635 2130 685 se-

722 735 767 782 8
1279 708 1431 771 quenti
1446 705 1581 771 figura
1595 736 1611 761 ,
1633 709 1680 754 in
1702 705 1833 773 dupla
1848 709 2130 773 proportione

1278 776 1330 823 ad
1343 777 1553 823 inclusam
1565 784 1607 822 &
1627 777 1867 825 Lacustrem
1881 776 2032 833 fiiisset3
2048 776 2129 845 hoe

277 862 336 916 est
352 862 417 912 vti
431 865 508 912 IV.
525 860 578 910 ad
592 864 624 910 Ι.
643 892 658 916 ,
687 841 733 908 &t
762 856 837 921 filij
858 855 1127 904 Geometras-

274 952 373 984 rum
390 938 583 983 norunt.
629 933 698 977 En
717 925 950 995 quomodo
963 943 1016 972 ne
1029 928 1116 991 pri-

274 1021 403 1053 mum
425 1000 604 1067 quidem
620 999 760 1046 Taciti
776 997 942 1045 dietum
958 1010 1114 1051 nocet5

275 1070 515 1125 secundum
543 1101 558 1126 ,
598 1066 885 1118 efficaciffime
913 1066 1025 1113 Plini
1029 1084 1045 1130 J
1072 1073 1118 1113 Sc

274 1141 476 1209 Suetonij
494 1139 756 1189 sententiam
782 1134 1014 1186 confirmat
1029 1167 1044 1192 ,
1071 1143 1116 1182 Sc

275 1213 410 1265 sancit
423 1243 437 1256 .

357 1285 426 1330 Ex
469 1297 565 1346 que
603 1294 752 1340 autem
779 1272 982 1323 concordi
1013 1274 1114 1321 huic
1128 1270 1137 1274 ”

277 1351 634 1401 Triumuirorum
660 1345 862 1411 suffragio
877 1376 892 1400 ,
924 1343 1086 1410 Lipsius
1097 1375 1129 1411 ,ζ

278 1421 544 1470 Tribuniciae
562 1418 698 1478 veluti
714 1415 937 1464 Potestatis
954 1415 1084 1462 iure„
1095 1444 1112 1469 ,

274 1490 361 1541 hoc
373 1489 543 1538 decreto
559 1486 790 1536 Interceffit
803 1516 818 1540 ‚
843 1504 910 1531 nec
925 1482 1105 1549 rite‘per-

268 1561 374 1629 ficit
399 1559 478 1626 ipse
506 1555 735 1614 claudius,
764 1560 954 1623 quoniam
970 1572 1113 1602 manus·

271 1633 399 1695 postea
412 1627 596 1677 admouit
613 1637 675 1679 ξφ
693 1624 943 1676 Hadrianus
957 1654 972 1679 ,
988 1628 1112 1687 Spar-

274 1707 383 1748 tiam
410 1707 455 1747 in
477 1705 559 1745 eim
591 1697 689 1747 Vted
707 1711 720 1745 ε
746 1693 899 1744 exinde
917 1693 1114 1745 incubuit

275 1769 431 1822 cohors
456 1780 649 1832 apertam
678 1765 789 1814 hanc
807 1766 1031 1814 veritatem
1048 1781 1115 1811 ca-

276 1840 524 1890 uillantium
539 1856 551 1887 z
567 1853 759 1902 quorum
775 1835 888 1883 dieta
902 1834 1152 1900 redarguere
1166 1849 1276 1898 opus
1295 1830 1368 1891 est,
1381 1848 1438 1883 ne
1456 1832 1760 1880 excellentium
1776 1832 1970 1881 virorum
1983 1831 2122 1899 lapsu,

277 1910 345 1970 alij
373 1907 526 1957 itidem
553 1907 776 1971 rapiantur
791 1938 802 1952 ·
853 1909 911 1954 Et
927 1922 1002 1955 cur
1015 1935 1030 1958 ,
1045 1904 1160 1952 bone
1178 1903 1291 1969 Lipsi
1308 1936 1322 1959 ,
1352 1903 1410 1949 ob
1425 1902 1535 1949 hanc
1549 1919 1704 1950 vocem
1719 1901 1741 1949 a
1755 1903 1981 1967 Spartiano
1994 1933 2008 1958 ,
2040 1903 2118 1968 qui

273 1979 369 2042 post
385 1980 463 2026 tria
476 1977 610 2025 ferme
625 1975 770 2025 saecula
785 1975 943 2039 scripfit
954 2006 968 2029 ,
983 1992 1030 2023 ac
1041 1975 1094 2023 de
1112 1973 1303 2023 Claudio
1318 1971 1422 2038 quid
1438 1973 1592 2019 dixerit
1609 1974 1847 2037 ignoratur,
1863 1972 2078 2037 prolatam
2099 2002 2116 2030 ,

273 2053 486 2097 Fucinum
504 2051 658 2095 Lacum
674 2045 803 2109 emrfit
816 2076 830 2100 ,
850 2043 1094 2092 Hadrianus
1108 2041 1295 2092 solidum
1309 2043 1438 2090 decus
1453 2041 1768 2107 consequetur3
1797 2041 1985 2090 Claudio
1996 2073 2011 2097 ,
2024 2055 2115 2098 tot,

272 2118 406 2183 penes
426 2117 567 2165 varios
586 2123 629 2163 Sc
643 2131 1031 2177 contemporaneos
1046 2114 1247 2163 authores
1261 2112 1410 2161 diffusa
1425 2114 1636 2178 praeconi'a
1649 2143 1663 2168 ‚
1697 2110 1811 2178 apud
1835 2126 1876 2160 te
1891 2129 1984 2160 non
1999 2109 2115 2159 suffi-

273 2189 387 2235 cient
403 2216 417 2241 ,
437 2202 486 2235 vt
499 2183 586 2250 ipse
604 2187 765 2232 Lacum
780 2186 899 2250 prior
914 2183 1087 2233 emifisse
1103 2183 1295 2232 credatur
1311 2185 1327 2233 ἓ
1358 2184 1535 2244 Qidue
1551 2182 1607 2231 cst
1621 2201 1696 2230 cur
1711 2199 1804 2229 non
1819 2183 2011 2248 potuerit
2025 2185 2115 2229 Ha·

273 2256 448 2307 drianus
464 2255 735 2304 Emiflarium
750 2255 1012 2320 expurgasse,
1028 2252 1276 2321 destmtum,
1291 2269 1338 2303 vt
1353 2252 1507 2302 scimus
1519 2283 1534 2307 ‚
1547 2251 1858 2317 odiofiacceffivris
1875 2254 1891 2302 ἓ
1910 2256 1968 2300 ita
1989 2254 2112 2301 enim

274 2326 476 2375 authores
492 2357 504 2382 ,
523 2327 699 2391 quoties
714 2342 866 2372 eorum
884 2323 1103 2372 sententiae
1119 2341 1211 2372 non
1226 2321 1497 2372 aduersantur
1510 2353 1526 2378 ,
1550 2320 1738 2388 suppleri
1755 2330 1798 2370 &
1810 2322 2030 2370 conciliari
2045 2321 2116 2370 de,

274 2396 378 2444 bent
393 2430 405 2441 .
437 2399 666 2460 Aggrauat
679 2394 804 2460 [ipfij
835 2393 1181 2442 incredulitatem
1197 2425 1212 2450 ,
1240 2392 1436 2453 Eusebij,
1464 2391 1535 2441 seu
1548 2395 1812 2459 Hieronymi
1835 2393 1882 2440 in
1899 2394 2033 2441 Notis
2062 2390 2116 2441 ad

273 2465 464 2519 eiusdem
491 2464 747 2514 Chronicon
765 2495 779 2519 ,
803 2465 1102 2514 testimonium
1125 2494 1140 2519 ‚
1169 2465 1191 2510 a
1210 2463 1251 2511 se
1265 2463 1429 2512 ibidem
1443 2464 1622 2511 allatum
1634 2493 1649 2517 ,
1680 2458 1882 2511 Claudius
1914 2468 2014 2511 circa
2041 2459 2115 2510 baec

272 2553 443 2601 tempora
461 2539 671 2585 Fucinum
686 2540 845 2584 Lacum
858 2533 1072 2600 exficcmit
1084 2563 1100 2589 ‚
1129 2540 1171 2583 X
1175 2540 1218 2584 X
1220 2541 1278 2584 X·
1299 2534 1499 2587 hominum
1525 2531 1707 2583 millibus
1725 2530 1813 2598 fini
1830 2531 2103 2600 {ntermtffione

272 2622 384 2673 opera
391 2603 520 2653 mrbus
532 2636 544 2649 .

280 2724 284 2727 ,
341 2673 528 2727 Pedibus
544 2675 588 2721 in
605 2672 785 2723 eandem
802 2672 927 2737 Lipfij
957 2672 1217 2722 sententiam
1245 2674 1328 2721 iuit
1355 2673 1542 2739 Scaliger
1556 2690 1572 2729 3
1599 2671 1732 2737 vtcjue
1747 2670 1969 2732 contrarijs
1984 2670 2111 2738 arguss

272 2746 432 2795 mentis
447 2742 592 2793 minus
608 2761 871 2810 premeretur
883 2774 898 2798 ,
925 2743 1231 2809 probationem
1247 2761 1298 2790 ex
1313 2742 1397 2789 hoc
1415 2744 1636 2792 Chronico
1651 2773 1667 2798 ‚
1678 2744 1745 2791 vel
1760 2743 1813 2789 ad
1832 2740 1940 2789 illud
1956 2742 2108 2797 Notis,

273 2814 444 2878 penitus
459 2812 673 2863 infirmam·
679 2813 873 2870 t3dicens,
874 2813 1072 2881 scholium
1089 2811 1198 2878 :stud
1209 2815 1277 2878 effe
1291 2831 1342 2860 ex
1356 2815 1497 2862 multis
1508 2829 1711 2880 perperam
1729 2809 1895 2878 Eusebio
1909 2810 2107 2876 infirfh's.

274 2881 410 2944 Qod
424 2912 438 2936 ‚
453 2891 496 2930 Se
513 2883 541 2931 fi
558 2885 598 2930 ei
611 2883 917 2943 concedamus,
932 2900 1023 2932 non
1037 2884 1156 2931 enim
1169 2880 1338 2932 summa
1354 2883 1593 2933 nostratum
1606 2883 1827 2932 rationum
1838 2881 1887 2929 in
1902 2878 2108 2933 Eusebio,

274 2956 294 3013 (
308 2953 512 3016 quamuis
528 2970 619 3001 non
636 2953 880 3019 spernendae
896 2952 1201 3012 authoritatis)
1218 2952 1349 3001 sedin
1366 2955 1513 3002 Plinio
1529 2984 1546 3009 ‚
1571 2950 1748 3018 alijscjue
1770 2951 1894 3017 supra
1910 2949 2109 3015 expolitis

273 3019 420 3073 residet
432 3038 447 3076 5
460 3037 551 3068 non
564 3035 709 3070 tamen
727 3023 878 3073 eadem
893 3024 1036 3072 fronte
1049 3022 1072 3070 ἃ
1087 3025 1297 3071 Suetonio
1313 3025 1373 3073 ita
1389 3021 1474 3072 sese
1487 3021 1788 3088 expedientem
1800 3021 1984 3070 feremus
1998 3049 2012 3074 ‚
2038 3025 2083 3071 A
2089 3038 2107 3069 τ

272 3094 488 3143 Suetonius
496 3090 703 3157 perfectsse
721 3093 864 3157 scribit
890 3124 905 3149 ,
919 3090 1026 3161 quod
1039 3099 1185 3149 mim-3
1217 3111 1424 3161 nunquam
1447 3098 1554 3142 enim
1569 3093 1725 3159 emtffus
1733 3091 1820 3158 fuit
1840 3121 1856 3145 ,
1883 3099 1942 3142 (9·
1958 3092 2109 3140 Seneca

272 3163 506 3229 Qaefliones
511 3159 612 3227 suas
617 3158 698 3228 sub
713 3165 878 3217 Nerone
880 3161 1077 3228 scnbmre
1091 3191 1106 3218 ‚
1123 3166 1257 3212 Lacus
1272 3166 1343 3212 ille
1359 3180 1442 3212 erat
1457 3183 1499 3212 m
1511 3181 1644 3212 rerum
1658 3163 1810 3212 natura
1820 3188 1835 3215 2
1850 3160 1927 3227 qub
1936 3168 2112 3225 pertinet

1907 3228 2045 3296 τεν-[ᾖς

2102 1569 2221 1610 301
