2221 3512
312 120 432 189 DE
475 118 686 188 COL·
737 120 1147 199 TssAiANt
1197 125 1392 186 CAP·
1442 126 1552 187 Vt·
1738 131 1855 212 169

15 251 38 281 A
72 229 267 286 soluunt,
286 231 332 279 in
346 228 507 297 quibus
521 228 630 276 nulli
645 225 827 292 quidem
845 227 983 274 crines
996 226 1018 273 a
1032 240 1159 294 tergo
1173 237 1218 277 8<
1233 231 1278 276 in
1308 232 1493 280 ceruices
1510 233 1649 283 diffusi
1663 238 1706 299 ‚(
1726 252 1773 286 vt
1788 240 1936 304 Lipfio

77 318 257 352 ornatus
270 303 413 352 statuae
428 316 562 364 quam
578 300 625 346 in
649 297 736 347 fine
766 298 1064 365 Syntagmatis
1079 298 1281 356 adducit,
1313 302 1519 350 vittarum
1534 323 1583 351 ex
1612 306 1750 359 infula
1779 308 1940 374 depen-

73 372 273 433 dentium
286 402 300 428 ,
314 386 406 420 non
422 371 529 433 item
545 368 801 436 capillorum
815 398 830 424 ‚
846 368 989 434 aperte
1003 367 1249 436 imposuit)
1279 369 1350 419 sed
1380 373 1476 421 vere
1502 391 1628 422 coma
1656 376 1825 424 attonsa
1838 409 1854 433 ,
1888 370 1942 426 δέ

72 442 236 491 astricta
252 477 267 502 ,
292 439 375 488 ivre*
390 438 446 487 τῦ
456 438 591 493 κομεῖν
603 470 617 494 ,
633 437 755 505 quod
768 437 907 487 caedere
923 439 982 489 est
993 469 1007 495 ‚
1025 436 1080 487 fic
1094 440 1206 487 diasta
1221 472 1234 495 ,
1254 440 1519 508 conspicitur
1531 476 1544 488 .

144 512 317 562 Monile
331 508 507 560 tandem
522 509 628 557 illud
641 542 655 565 ,
673 509 794 576 quod
809 510 976 559 collum
993 508 1174 559 statuaea
1194 512 1339 576 Lipsio
1353 512 1572 580 descriptae
1589 514 1827 564 circumdat
1844 545 1858 570 ‚
1884 523 1929 564 δεῖ

70 583 235 631 bullam
255 580 477 646 quandam
498 594 598 628 ante
613 587 761 647 peditis
777 579 978 635 sustinet,
1001 582 1195 646 Virginis
1211 581 1392 629 Vestalis
1414 586 1618 630 Maximae
1635 586 1803 652 insigne
1825 590 1937 651 prae—'

12 675 25 706 ι
71 656 264 717 cipuum‚
279 668 358 698 nec
372 655 530 699 caeteris
546 669 798 705 commune,
814 649 943 701 fuerit
958 667 972 706 3
990 650 1210 716 inscriptio
1226 653 1388 701 etenim
1404 652 1549 700 statuae
1566 653 1732 702 subdita
1751 686 1765 710 ,
1781 659 1934 704 COE-

7 779 9 782 γ
68 726 212 781 JJAE
244 725 686 771 CONCORDlAE
716 722 971 771 VIRGINI
994 722 1260 770 VESTALI
1289 724 1600 773 MAXIMAE
1619 724 1800 772 statuam
1822 743 1930 772 con-

65 795 250 843 locatam
278 791 453 842 testatur
477 826 488 838 .
539 787 638 842 Nec
649 789 991 857 praetereundum
1005 790 1086 845 est,
1109 791 1156 836 in
1175 790 1561 846 Ner-ati3,intimae
1575 794 1691 842 illius
1715 795 1825 842 circa
1841 796 1929 842 col-

63 865 156 913 lum
172 864 330 913 tunicae
348 865 526 930 vestigia
539 895 553 919 ‚
577 864 840 911 carbafinam
853 858 1021 914 fortaffe
1038 859 1198 928 vestem
1224 860 1440 928 defignarc
1453 893 1467 918 a
1493 861 1547 911 de
1561 864 1647 930 quai
1679 864 1845 930 Lipsius
1872 880 1924 912 ex

62 932 287 1000 Dionysio
302 940 346 981 Sc
363 935 537 983 Valerio
553 934 760 983 meminit
771 974 784 988 .

131 1004 352 1070 Infignem
378 1003 515 1052 modo
529 1037 544 1061 ,
560 1013 604 1054 &
619 1003 926 1070 Interpretibus
942 1002 1097 1052 nostris
1116 1005 1320 1052 intacram
1333 1035 1347 1059 ,
1370 1003 1514 1051 nescio
1540 1021 1595 1051 an
1612 1007 1929 1070 incognitam„

4 1094 26 1126 ·:
59 1072 312 1124 differentiae
339 1075 557 1125 rationem
577 1077 798 1124 enucleare
814 1074 1007 1122 conabor
1021 1106 1036 1130 ‚
1063 1092 1137 1121 cur
1167 1076 1378 1123 Traianus
1410 1072 1549 1122 modo
1578 1077 1717 1142 capite
1737 1089 1895 1142 operto
1908 1105 1924 1130 ‚

63 1144 199 1194 modo
217 1157 366 1210 aperto
381 1143 609 1201 sacrificet,
627 1143 793 1195 mutatan
809 1146 938 1193 etiam
957 1145 1093 1200 veste,
1112 1162 1209 1210 quae
1227 1162 1344 1191 nunc
1361 1145 1412 1191 ad
1429 1144 1556 1209 pedes
1574 1144 1747 1194 demissa
1763 1176 1777 1200 ‚
1807 1160 1928 1193 nunc

65 1215 120 1262 ad
146 1233 287 1281 genua
310 1214 484 1264 reduota
510 1230 714 1284 apparet3
745 1216 790 1264 id
816 1215 938 1281 quod
954 1214 1262 1281 distinguendo
1278 1229 1370 1261 non
1389 1211 1617 1262 difficulter
1631 1215 1924 1280 assequemur.

63 1289 190 1336 Nam
206 1283 299 1351 quo
313 1284 367 1331 ad
382 1284 607 1343 habitum3
623 1285 723 1335 cum
739 1285 851 1334 sacra
864 1286 999 1334 facere
1016 1284 1151 1352 posset
1168 1300 1258 1333 tam
1276 1283 1339 1332 vti
1356 1284 1558 1332 Pontifex
1572 1316 1584 1339 ‚
1609 1286 1742 1351 quam
1758 1285 1821 1334 vti
1837 1289 1928 1333 lm-

61 1370 234 1423 pcrator
248 1388 261 1411 ,
279 1370 327 1404 vt
339 1370 461 1422 patet
476 1375 529 1404 ex
555 1356 778 1423 Lamprid.
806 1359 853 1405 in
873 1361 1030 1405 Seuero
1043 1387 1057 1411 ,
1091 1360 1239 1421 accepit
1248 1372 1483 1421 praetextam
1499 1364 1620 1403 etiam
1637 1353 1927 1419 ctimslzcrafii-

61 1443 161 1475 cerer
175 1424 271 1492 ‚fid
284 1428 360 1473 loco
378 1426 582 1494 Pontifici&
597 1431 794 1476 Miximi
806 1457 820 1482 ,
834 1446 911 1475 nm
928 1433 1206 1492 Imperatoris:
1223 1426 1501 1472 sollemniora
1516 1424 1927 1489 Solitauriliorunb2

8 1513 26 1545 3
63 1495 214 1544 habitu
232 1494 479 1545 Pontificali
499 1509 539 1545 ὅ(
557 1497 763 1554 solemni,
777 1511 942 1552 caetera,
957 1497 1245 1563 Imperatorio
1259 1503 1302 1543 δε
1317 1494 1579 1560 quotidiano
1596 1510 1835 1561 exequutus
1848 1494 1917 1542 est.

59 1564 162 1632 Qa*
179 1565 347 1614 dicendi
367 1566 589 1615 occasione
618 1566 764 1615 oblatz‘i
780 1599 794 1623 ‚
821 1566 1003 1615 subdam
1018 1598 1032 1622 ,
1059 1564 1371 1614 eliminandam
1387 1563 1560 1629 prorsus
1587 1564 1666 1614 esse
1693 1567 1924 1614 correstio-

57 1654 181 1690 nem,
199 1637 342 1686 verius
358 1639 684 1705 corruptionem
699 1641 929 1686 marmoris
944 1640 1082 1685 Arcus
1101 1636 1375 1683 Constantini
1393 1635 1598 1685 fol-XIX.
1614 1637 1726 1682 inter
1744 1635 1919 1683 Admir.

0 1750 1 1753 ,
58 1711 259 1756 Roman.
279 1710 438 1774 Antiq.
455 1743 470 1768 ,
486 1708 756 1772 repositionis
772 1707 930 1755 scilicet
954 1707 1000 1754 in
1015 1706 1158 1754 chartfi
1177 1737 1190 1760 ,
1209 1706 1299 1752 cius
1315 1704 1436 1770 quod
1449 1706 1498 1752 in
1517 1705 1768 1772 anaglypho
1782 1704 1896 1754 deest
1908 1736 1926 1761 ,

59 1779 215 1841 capitis
246 1794 404 1843 nempe
435 1779 564 1844 ipfius
581 1779 755 1827 Traiani
782 1780 830 1825 in
858 1777 1172 1824 Sueouetaurili
1187 1773 1459 1823 sacrificantis
1475 1793 1488 1831 3
1517 1792 1619 1823 nam
1634 1774 1865 1841 postquam
1880 1775 1925 1823 id

59 1848 149 1896 auli
168 1847 344 1896 fuerunt
357 1879 372 1903 ‚
399 1847 638 1898 debuiffent
653 1848 802 1896 saltem
820 1852 1131 1912 Imperatorem
1150 1847 1286 1910 capite
1299 1877 1313 1900 ,
1343 1861 1472 1910 prout
1500 1845 1569 1892 hic
1583 1876 1598 1901 ‚
1627 1845 1770 1893 velato
1795 1844 1925 1893 nobis

7 1936 17 1970 t
59 1916 231 1967 reddere
246 1950 260 1974 ,
274 1936 329 1966 ne
345 1927 389 1966 δέ
401 1920 647 1985 imposturae
661 1949 674 1973 ‚
691 1927 734 1967 <Sc
750 1919 1109 1967 caeremoniarum
1125 1916 1251 1964 simul
1280 1917 1570 1980 ignorationis
1600 1917 1781 1963 crimine
1798 1946 1812 1970 ‚
1829 1932 1924 1963 vno

58 1986 300 2053 eodemciue
315 2005 513 2054 tempore
529 2002 807 2038 notarentur.
849 1991 912 2035 Ea
929 1988 1085 2054 igitur,
1110 2001 1157 2034 vt
1183 2003 1287 2032 mox
1313 1984 1538 2042 dicebam,
1567 2003 1661 2051 quae
1681 1988 1843 2042 Marti,
1860 1987 1926 2038 vti

59 2060 137 2107 vni
152 2076 204 2105 ex
218 2058 451 2108 duodecim
468 2059 715 2108 Maioribus
730 2090 744 2114 ,
759 2059 944 2114 SeleffiS,
958 2067 1002 2107 ὃς
1017 2055 1314 2107 Consentibus
1335 2055 1431 2116 Dijs
1447 2054 1558 2104 sacra
1575 2055 1733 2113 fiebant
1745 2087 1759 2112 ‚
1776 2055 1924 2105 velato

41 2128 197 2194 ‚capite
211 2128 302 2177 fieri
317 2148 395 2196 par
407 2143 522 2187 erat,
551 2148 603 2179 ex
629 2145 842 2197 praecepto
870 2129 1027 2178 Heleni
1049 2131 1166 2175 Vatis
1182 2158 1195 2182 ‚
1227 2129 1415 2175 AEneam
1446 2128 1506 2174 ita
1534 2126 1776 2176 instruentis
1805 2125 1920 2191 apud

58 2200 297 2264 ⁸Virgilium
313 2202 390 2252 lib.
404 2205 477 2249 111.
1787 2222 1789 2225 ⁴
1817 2221 1820 2226 >
1848 2226 1849 2230 =

339 2278 547 2337 Purpureo
564 2275 699 2321 velare
719 2289 845 2319 comas
860 2267 1069 2336 adopertus
1086 2267 1240 2318 amifiu
1255 2299 1270 2323 ·,

6 2349 16 2380 ἰ
42 2377 45 2379 Α
62 2336 139 2386 vbi
154 2336 298 2389 subdit
312 2359 408 2390 eam
427 2344 642 2391 rationem
661 2373 674 2394 ‚

339 2416 419 2467 Ne
435 2432 514 2480 qua
530 2416 632 2460 inter
637 2414 767 2478 [τε-νος
785 2418 882 2478 {gnes
903 2442 918 2466 ,
935 2418 977 2458 in
993 2408 1128 2458 honore
1144 2418 1314 2459 Deorum

341 2485 513 2544 Hostius
517 2483 648 2548 facies
666 2499 838 2530 occurrat
854 2512 868 2535 ,
885 2496 944 2534 <9⁴
957 2488 1090 2528 omina
1107 2481 1234 2528 turbet
1251 2498 1263 2530 t
1895 2520 1900 2523 .

66 2569 164 2617 quae
195 2549 299 2599 vero
328 2551 597 2617 Indigetibus
612 2583 626 2606 ‚
654 2550 916 2600 Semonibus
931 2583 945 2607 ,
977 2566 1109 2617 atque
1124 2550 1340 2598 Heroibus
1357 2583 1370 2608 ‚
1400 2551 1535 2599 veluti
1568 2551 1626 2598 Di
1630 2550 1664 2610 js
1696 2547 1926 2597 medioxuk'

65 2624 150 2670 mis
165 2640 211 2669 ac
230 2622 488 2670 terrestribus
504 2653 518 2676 ‚
545 2622 712 2669 derceio
726 2622 863 2688 capite
879 2623 1025 2687 peragi
1042 2620 1256 2668 debebant
1272 2652 1285 2674 ,
1315 2635 1363 2669 vt
1396 2620 1650 2671 Plutarchus
1670 2636 1751 2668 nos
1769 2618 1922 2667 admo-—

45 2707 138 2740 *net
166 2694 211 2738 in
237 2688 381 2755 Qaes.
403 2694 504 2739 Rer·
519 2696 712 2752 Roman.
731 2709 854 2740 lium.
870 2695 948 2741 XI.
979 2691 1107 2741 Vnde
1134 2692 1347 2751 conijc'crc
1380 2691 1495 2738 haud
1530 2690 1640 2738 male
1667 2688 1890 2756 poffumus
1909 2720 1927 2748 ,

4 2776 26 2808 u
46 2762 303 2821 &Traianum
321 2763 494 2809 Herculi
511 2762 586 2809 suo
599 2793 612 2816 ,
629 2767 696 2812 cui
711 2761 923 2829 praecipue
942 2780 1082 2828 graeco
1098 2764 1183 2810 ritu
1197 2793 1211 2815 ,
1226 2754 1309 2808 hoc
1326 2762 1382 2809 est
1395 2793 1407 2816 ,
1424 2775 1572 2827 aperto
1587 2760 1924 2826 capite‘,-sacta...

61 2831 257 2899 primum
274 2837 429 2880 Romae
445 2833 496 2879 ab
513 2832 718 2880 Euandro
733 2832 868 2888 faeta,
895 2833 1021 2880 refert
1048 2832 1293 2899 Dionysius
1313 2831 1386 2878 lib.
1400 2835 1431 2877 Ι.
1457 2840 1501 2879 &⁷
1525 2849 1574 2877 cx
1593 2848 1646 2877 eo
1665 2830 1896 2878 Brifl'onius
1911 2858 1928 2884 ,

48 2918 192 2969 .,prout
207 2919 258 2950 ex
272 2902 485 2951 Cornelio
502 2902 638 2949 Balbo
651 2935 664 2959 ,
681 2900 912 2950 confirmat
928 2933 942 2957 ,
956 2901 1029 2950 tali
1045 2905 1175 2968 paeto
1191 2909 1233 2949 Sc
1248 2899 1392 2965 ipsum
1411 2899 1650 2949 immolaffe
1670 2934 1680 2945 .
1733 2899 1924 2949 Videbar

62 2973 191 3021 etiam
209 2990 280 3021 me
295 2972 340 3021 id
357 2973 527 3040 egregie
547 2972 726 3038 probare
739 2970 858 3039 poffe
874 2990 927 3020 ex
943 2991 1082 3040 nuper
1103 2987 1349 3032 memorato
1366 2970 1645 3020 Constantini
1662 2973 1798 3024 Arcu,
1811 2987 1924 3016 rem-

61 3040 146 3107 q'ue
161 3042 299 3109 ipsam
316 3061 395 3092 acu
410 3041 590 3110 tetigisse
602 3075 616 3099 ,
632 3041 739 3091 dum
759 3043 1001 3091 Traianum
1017 3042 1077 3090 ibi
1095 3040 1318 3106 conspicio
1335 3074 1349 3098 ,
1365 3060 1456 3089 non
1475 3040 1738 3097 pontificali,
1756 3039 1827 3087 sed
1839 3040 1927 3103 pri-

62 3111 161 3161 uati
179 3112 292 3163 veste
303 3144 319 3171 ,
332 3123 377 3164 δε
390 3117 529 3182 capite
549 3114 695 3185 yelato
710 3143 726 3171 ,
741 3114 938 3182 Martiae
953 3112 1109 3161 Dianae
1126 3112 1255 3179 (quae
1272 3114 1455 3180 numina
1480 3114 1591 3182 inter
1606 3110 1835 3226 duodecigi
1851 3126 1927 3179 ‘⁹²3

120 3208 122 3210 “
1044 3187 1084 3232 Y
1744 3179 1781 3226 le
1820 3180 1862 3224 ia
