2221 3512
94 172 322 222 Praefectum
337 172 561 219 cohortium
579 174 895 227 praetorianarum
911 201 922 221 2
938 178 1058 218 <luces
1075 177 1097 218 ὲ
1116 176 1349 224 Domitiano
1364 177 1632 231 Caesare2'eum
1647 183 1872 244 ingentibus
1887 186 1959 231 eo..‘

93 234 168 290 pijs
185 229 317 271 misios
334 255 346 274 ,
359 232 461 284 turpi
477 231 590 272 clade
605 231 807 274 deleuerat
823 260 833 271 .

128 290 229 330 Daci
245 301 344 328 vnus
360 289 547 343 populus,
565 288 785 343 cademque
797 302 893 343 gens
908 304 998 332 cum
1016 295 1129 334 Getis
1145 294 1275 340 fuere5
1291 298 1385 340 licet
1395 298 1538 340 Strabo
1552 298 1622 341 lib.
1642 315 1681 352 7.
1698 300 1874 345 seductus
1891 303 1952 349 di-

80 346 245 392 ,uersam
263 345 456 389 censuerit
471 376 481 387 .
518 349 606 390 Hos
620 360 792 401 namque
807 345 918 391 fuisse
930 363 1044 393 veros
1056 353 1193 396 Getas,
1205 353 1348 398 sicut&
1365 359 1515 405 Dacos,
1527 356 1550 399 εὶ
1564 360 1769 407 Germanis
1780 391 1792 410 ‚
1808 370 1847 412 &
1862 369 1948 413 Go„

88 406 172 449 ‘¹¹1⁵
189 406 384 459 originem
398 402 552 451 “wisse
567 429 579 448 ³
596 403 617 444 ὲ
629 405 795 445 5⁶³0le
807 405 990 458 prodiisse
1006 407 1133 454 Insula
1146 436 1158 454 a
1176 412 1348 454 Herulos
1365 415 1535 470 abegisse
1550 418 1630 459 Istri
1643 421 1744 474 ripas
1758 423 1942 467 habitan-

90 475 151 507 tes
163 489 175 507 ,
191 463 372 518 inibique
387 459 599 507 consedisse
616 487 628 507 ,
652 475 783 517 neque
799 462 918 511 semel
934 479 1146 520 occupatas
1162 466 1271 513 sedes
1288 485 1460 526 vnquam
1484 474 1645 517 mutasse
1659 502 1673 523 ,
1698 480 1829 523 alioue
1845 497 1943 525 con.

88 519 256 565 tesfisse,
270 525 308 562 ὃς
330 519 549 561 Iornandus
573 521 612 560 in
630 520 786 562 historia
801 547 813 566 ,
838 524 877 562 &
893 522 1022 564 Diuus
1038 525 1308 581 Hieronymus
1332 528 1446 583 super
1460 531 1670 579 Eusebium
1691 539 1917 584 attestantur
1929 574 1940 585 .

77 579 299 620 Germanis
330 590 515 633 praeterea
544 576 704 619 eosdem
719 592 1021 625 annumeratos,
1046 582 1290 638 illorumque
1312 585 1447 640 lingua
1457 587 1568 629 fuisse
1581 591 1740 636 locutos
1751 621 1764 642 ,
1792 599 1941 642 Plinius

87 639 199 683 item,
214 641 252 679 δε
269 637 488 678 Iornandus
503 636 716 690 prodidere
731 665 742 675 .
767 637 918 692 Neque
933 638 1118 685 audiendi
1133 639 1307 696 sunt,qui
1320 657 1463 685 vocum
1478 645 1665 690 affinitate
1679 640 1849 712 decepti,
1861 660 1943 699 exi-

82 696 242 743 stimant
260 697 401 736 Darios
418 692 494 741 effe
511 695 646 735 Dacos
659 719 672 738 ,
686 695 750 735 vel
768 695 952 740 Drmiam,
970 697 1135 739 Daciam
1149 727 1159 736 .
1186 699 1294 744 Nam
1309 700 1437 743 Dania
1454 704 1590 745 eadem
1606 709 1658 749 est
1669 723 1755 764 quae
1768 715 1945 756 Cimbri·

82 769 130 795 ca
146 752 441 799 Chersonnesus
454 777 466 797 ,
481 751 602 797 hodie
620 752 847 798 Denmarch
864 779 876 797 ,
893 756 931 798 ὃ(
947 756 1094 800 Iutlant
1106 781 1118 800 2
1133 758 1171 800 δε
1185 759 1409 812 corruptius
1429 761 1693 807 Dinamarcha
1708 773 1945 823 appellata-2,

81 810 301 865 longissime
316 809 337 850 a
351 810 479 850 nostra
493 810 619 850 Dacia
631 809 753 850 dissita
770 838 779 848 .
807 811 870 851 Est
885 813 989 858 enim
1007 813 1136 854 Dania
1152 812 1466 869 septentrionalis
1480 821 1629 862 Oceani
1643 827 1943 878 peninsula,ma-

79 872 217 913 ritimae
235 869 413 911 Saxoniae
423 868 536 909 lateri
547 867 746 916 adhaerens
757 893 769 913 ,
781 881 900 922 quam
913 869 1009 909 olim
1023 870 1178 919 Cimbri
1192 872 1431 922 habitarunt,
1447 891 1551 932 quos
1564 882 1696 936 postea
1711 886 1860 929 Marius
1873 888 1944 929 de-

81 928 205 972 leuit,
220 928 259 967 in
275 926 427 967 Italiam
445 926 658 981 irrumpere
669 938 880 967 conantes:
896 926 946 966 de
963 941 1133 983 quorum
1146 928 1277 983 spoliis
1294 934 1662 988 t1·ophaea,Mariana
1675 941 1791 987 dieta,
1806 945 1943 986 Romae

79 987 251 1026 excitata
265 983 377 1025 fuere
390 1014 399 1022 .
427 984 531 1025 Daci
548 996 678 1025 autem
697 1009 709 1028 ,
723 983 774 1023 dc
788 983 933 1038 quibus
945 984 1061 1026 n0bis
1076 987 1116 1029 in
1132 986 1418 1041 praesentiarum
1436 993 1492 1034 est
1507 994 1632 1040 sermo
1645 1024 1658 1043 ,
1674 1001 1942 1053 Pannoniis,&

81 1044 269 1085 Sarmatis
285 1041 370 1083 sunt
384 1043 619 1082 contermini
635 1067 648 1086 ,
677 1041 919 1089 Transiluani
930 1067 942 1087 ,
959 1044 997 1082 V
1000 1043 1174 1089 ualachi,
1194 1048 1233 1086 &
1245 1048 1426 1092 Moldaui
1442 1051 1565 1097 hodie
1581 1055 1674 1098 dieti
1689 1082 1702 1106 2
1719 1058 1816 1103 olim
1831 1073 1943 1101 acer-

79 1102 169 1147 ,rimi
181 1104 219 1141 δε
236 1097 503 1154 pugnaciffimi
515 1100 658 1140 milites
673 1124 684 1143 ,
703 1100 773 1153 qui
790 1097 886 1153 saepe
900 1099 1068 1146 multum
1081 1101 1307 1149 detrimenti
1319 1107 1506 1150 Romanis
1518 1111 1755 1161 intulerunt;
1769 1116 1838 1158 sub
1855 1119 1942 1158 Co-

80 1157 206 1203 tisone
233 1159 337 1197 enim
368 1159 477 1210 Rege
505 1158 544 1197 in
572 1158 792 1198 Pannonias
805 1182 816 1201 ,
846 1160 885 1198 δε
901 1157 1061 1204 Moesias
1076 1160 1346 1214 irrumpebant
1359 1190 1373 1209 ,
1396 1180 1584 1210 concreto
1609 1172 1701 1225 gelu
1720 1174 1909 1216 Danubio
1926 1192 1938 1215 :

74 1228 218 1263 contra
233 1229 336 1270 quos
350 1215 563 1256 Cornelius
578 1215 768 1255 Lentulus
785 1214 832 1254 ab
843 1214 1023 1269 Augusto
1039 1214 1169 1264 missus
1186 1242 1198 1264 ,
1214 1231 1292 1267 tres
1310 1234 1447 1264 eorum
1462 1225 1582 1266 duces
1599 1242 1688 1270 cum
1704 1233 1857 1284 magnis
1869 1246 1940 1273 co-

68 1275 154 1330 Pijs
169 1274 321 1318 deleuit
336 1299 347 1318 ,
363 1273 587 1315 citeriorem
613 1273 736 1327 ripam
756 1272 930 1327 presidiis
947 1273 1139 1322 muniuit,
1167 1275 1257 1325 satis
1280 1279 1527 1324 victoriarum
1545 1297 1685 1339 putans
1699 1313 1711 1331 ,
1725 1287 1832 1340 posse
1846 1290 1941 1332 illos

77 1331 292 1387 prohibere
308 1359 319 1369 .
357 1330 464 1371 Dein
481 1329 679 1384 Augustus
697 1328 854 1371 eosdem
868 1343 1052 1372 coercere
1072 1344 1234 1385 parans,
1256 1337 1326 1390 qui
1348 1336 1385 1380 se
1398 1339 1439 1379 in
1454 1342 1625 1382 Pontum
1640 1346 1680 1385 δε
1699 1345 1938 1390 Thraciam)

68 1387 297 1431 effuderant
307 1415 319 1432 ,
333 1399 461 1428 morte
472 1400 692 1442 praeuentus
708 1387 761 1428 est
778 1416 788 1426 .
811 1390 910 1429 Mox
925 1390 1405 1447 Domitianus,per‘Alpes
1417 1396 1535 1443 Iulias
1551 1398 1690 1442 itinere
1703 1399 1939 1447 factmbien-

70 1448 140 1488 nio
157 1447 382 1488 Pannonios
399 1445 568 1488 domuit,
584 1443 672 1485 cum
690 1446 818 1486 nullus
835 1445 884 1486 ad
900 1458 989 1487 eum
1002 1445 1107 1486 diem
1120 1446 1232 1493 ausus
1242 1447 1373 1493 fuisset
1387 1453 1436 1495 ad
1453 1454 1679 1498 Danubium
1693 1471 1799 1501 arma
1812 1458 1938 1502 trans-

69 1504 188 1550 ferre,
205 1504 388 1558 quamuis
401 1501 499 1556 saepe
511 1501 784 1543 insultantibus
798 1502 971 1549 barbaris
983 1519 993 1546 ς
1007 1518 1097 1544 cum
1116 1505 1237 1547 Dacis
1254 1519 1384 1553 ‚tamen
1399 1509 1458 1552 bis
1474 1511 1683 1559 infeliciter
1694 1515 1938 1572 congressus,

69 1562 194 1602 duces
211 1565 249 1603 &
264 1561 370 1614 signa
386 1560 511 1602 amisit
529 1585 542 1604 2
571 1559 666 1601 licet
680 1560 731 1600 de
745 1562 791 1612 ijs
807 1562 942 1608 Romae
954 1587 966 1606 ,
989 1563 1115 1604 vistus
1135 1562 1266 1616 potius
1282 1565 1405 1619 quam
1432 1569 1558 1609 victor
1571 1596 1584 1615 ‚
1610 1573 1933 1628 triumphauerit,

67 1618 308 1661 Subsecutus
325 1619 516 1660 Traianus
528 1643 541 1662 ,
571 1618 777 1659 Dacorum
795 1617 1042 1666 insolentiam
1071 1620 1179 1665 haud
1205 1621 1352 1669 diutius
1371 1623 1572 1673 ferendam
1597 1641 1704 1670 ratus
1716 1655 1729 1675 ,
1745 1631 1936 1676 aduersus

66 1691 140 1718 eos
154 1691 261 1718 arma
276 1676 424 1720 mouit,
438 1675 591 1716 duabus
605 1674 714 1718 fastis
725 1676 1046 1731 expeditionibus
1061 1707 1070 1718 .

94 1735 178 1776 Sub
196 1735 389 1788 priorem,
402 1734 452 1775 ad
468 1746 606 1788 pacem
623 1734 834 1788 petendam
845 1733 1037 1789 supplices
1049 1737 1267 1790 compulit:
1282 1737 1353 1781 sub
1366 1740 1770 1795 posteriorem,multis
1784 1747 1929 1802 praelijs

65 1794 223 1834 attritos
241 1790 277 1832 se
290 1791 435 1832 dedere
450 1817 462 1836 ,
494 1791 826 1847 Decebalumque
841 1792 1012 1847 ipsorum
1030 1795 1183 1851 Regem
1197 1796 1259 1840 ,in
1274 1795 1585 1852 desperationem
1600 1803 1747 1857 lapsum
1758 1830 1771 1849 ,
1793 1818 1932 1848 manus

66 1850 137 1892 fibi
157 1848 300 1891 inferre
316 1850 463 1903 coegit:
480 1849 606 1890 Dacia
619 1850 658 1891 in
679 1850 923 1904 prouinciam
938 1853 1105 1894 Romani
1118 1853 1276 1907 Imperii
1291 1855 1445 1897 redacta
1461 1886 1471 1896 .
1500 1859 1583 1900 Sub
1599 1861 1785 1910 Gallieno
1800 1862 1934 1917 perdi-

68 1907 208 1951 tiffimo
223 1909 466 1961 Imperatore
482 1907 609 1949 Dacia
624 1905 755 1949 amissa
771 1909 824 1950 est
840 1938 850 1947 .
875 1909 1113 1951 Aurelianus
1132 1909 1339 1965 desperans
1352 1916 1512 1959 retineri
1522 1915 1633 1972 posse
1645 1943 1659 1963 ,
1671 1932 1830 1963 omnem
1844 1920 1930 1961 Da·-

64 1967 167 2008 ciam
181 1978 285 2007 trans
300 1965 530 2006 Danubium
546 1991 558 2010 ,
578 1964 732 2007 sublato
747 1968 923 2009 exercitu
938 1994 950 2012 ,
963 1969 1275 2022 prouincialibus
1291 1971 1478 2027 reliquit:
1505 1974 1776 2033 abductosque
1795 1991 1842 2018 ex
1858 1990 1929 2021 ea„-

64 2024 239 2079 populos
253 2025 293 2063 in
307 2022 489 2064 Moesiam
502 2023 719 2064 collocauit
733 2050 745 2068 ,
761 2025 1058 2081 appellauitque
1074 2024 1179 2066 suam
1193 2025 1463 2086 Daciam,quae
1481 2031 1578 2073 duas
1595 2033 1756 2077 Moefias
1774 2035 1929 2080 diuide-

65 2094 128 2126 ret
140 2107 153 2127 ,
167 2082 344 2122 Seruiam
361 2084 399 2121 ὃς
414 2081 640 2134 Bulgariam
652 2082 773 2122 hodie
786 2082 907 2123 dictas
921 2109 932 2128 ,
945 2096 987 2124 vt
999 2082 1194 2137 Vopiscus
1212 2085 1251 2125 in
1265 2084 1480 2129 Aureliano
1496 2087 1627 2131 scribit
1644 2119 1655 2129 .
1683 2092 1806 2132 Nunc
1820 2093 1923 2133 Daci

63 2140 209 2197 partim
223 2141 440 2179 Tui-carum
453 2139 554 2192 Regi
566 2141 754 2195 Tyranno
768 2138 941 2186 subsunt,
958 2143 1102 2196 partim
1117 2143 1322 2197 proprium
1332 2146 1551 2205 principem
1562 2147 1792 2202 agnoscunt,
1802 2162 1925 2206 quem

17 2237 19 2243 ,
65 2195 190 2251 vulgo
206 2197 430 2239 Vaiuodam
450 2209 595 2237 vocant
609 2226 620 2236 .

94 2255 152 2297 Ex
165 2253 347 2296 Asiaticis
362 2254 517 2299 Parthi,
530 2267 578 2296 ex
590 2255 788 2310 Europaeis
805 2257 979 2297 Thraces
997 2260 1036 2299 &
1049 2257 1166 2303 Daci,
1181 2259 1430 2302 molestissimi
1442 2263 1480 2301 &
1492 2261 1720 2305 acerbissimi
1733 2264 1923 2307 Romanis

62 2312 194 2354 hostes
209 2311 319 2353 fuere
335 2341 346 2351 .
372 2313 475 2354 Daci
492 2324 623 2354 autem
648 2313 748 2355 adeo
768 2314 909 2355 strenui
926 2327 1057 2360 erant,
1083 2328 1126 2357 vt
1139 2316 1267 2358 multo
1279 2319 1411 2372 plures
1427 2319 1560 2360 clades
1573 2321 1761 2363 Romanis
1776 2323 1923 2363 intule-

66 2371 145 2412 rint
157 2396 169 2415 ,
186 2369 308 2426 quam
321 2371 566 2424 acceperint:
581 2371 851 2424 gloriabantur
865 2373 970 2412 enim
984 2398 996 2417 ,
1010 2374 1180 2415 Martem
1193 2400 1205 2421 ,
1218 2388 1338 2429 quem
1350 2376 1546 2416 bellorum
1565 2378 1698 2419 Deum
1712 2392 1811 2422 vana
1826 2392 1925 2435 gen-

65 2428 189 2470 tilitas
206 2426 375 2470 credidit
387 2454 400 2472 ,
419 2427 528 2469 suum
543 2428 714 2468 incolam
727 2428 840 2469 fuisse
855 2455 868 2473 ,
882 2431 945 2472 cui
962 2431 1018 2470 rei
1030 2431 1157 2474 allusit
1169 2433 1360 2487 Virgilius
1377 2447 1416 2485 3.
1430 2433 1599 2478 Aeneid.
1614 2437 1748 2481 dicens
1762 2466 1776 2478 .

351 2484 489 2526 Multa
501 2484 654 2525 voluens
670 2485 1002 2541 anim0,Nymphas
1013 2489 1224 2529 venerabar
1239 2488 1394 2546 agrestes
1408 2517 1422 2538 2

356 2542 637 2596 Gradiuumque
648 2545 802 2585 Patrem
814 2569 826 2588 ,
838 2545 972 2588 Geticis
986 2545 1054 2600 qui
1061 2547 1226 2600 praest'det
1235 2548 1338 2593 aruis
1352 2576 1365 2592 ,

65 2601 193 2642 Cuius
207 2601 326 2642 etiam
342 2602 397 2642 rei
412 2601 592 2643 meminit
603 2602 796 2656 Vegetius
807 2601 878 2644 lib.
897 2616 930 2642 1.
943 2617 1028 2658 cap.
1045 2619 1063 2645 2
1074 2608 1112 2646 8.

26 2671 64 2710 ³5
99 2659 259 2700 Drauus
270 2659 412 2700 fluuius
426 2684 438 2702 ,
451 2659 659 2700 Germanis
677 2660 790 2714 Drag
810 2659 936 2702 dietus
950 2687 963 2706 ‚
976 2662 1133 2716 insignis
1148 2666 1186 2704 &
1200 2663 1435 2718 nauigabilis
1446 2691 1458 2711 ,
1472 2664 1495 2706 ὲ
1509 2666 1654 2709 Norici
1667 2665 1840 2721 Alpibus
1852 2681 1920 2712 ora

73 2729 135 2758 tus
154 2742 165 2762 ,
178 2716 334 2771 rapidus
348 2741 360 2761 ,
384 2720 424 2759 &
436 2716 632 2758 violentus
645 2741 658 2760 ,
674 2717 713 2758 in
732 2717 964 2762 Danubium
986 2720 1087 2765 reeta
1101 2718 1225 2763 fertur
1238 2722 1440 2765 meridiem
1457 2723 1591 2767 versus
1603 2750 1615 2769 ,
1630 2724 1680 2765 ad
1691 2726 1800 2767 cuius
1816 2727 1920 2780 ripas

66 2775 287 2816 exercitum
301 2775 457 2816 Traiani
474 2773 639 2830 Augusti
655 2776 824 2829 primum
838 2775 1050 2819 consedisse
1065 2803 1078 2822 ,
1091 2779 1249 2833 aliquot
1260 2781 1494 2822 coniecturis
1510 2782 1736 2836 colligimus
1753 2812 1763 2823 .
1792 2785 1919 2826 Nori-

64 2846 159 2872 cum
186 2844 317 2873 autem
333 2831 629 2886 appellabatur,
645 2831 758 2887 quod
771 2846 872 2874 nunc
892 2834 1049 2876 Stiriam
1064 2838 1103 2876 &
1126 2837 1372 2878 Carinthiam
1386 2839 1554 2879 dicimus
1565 2865 1579 2885 ,
1597 2842 1638 2881 in
1651 2837 1833 2883 descensu
1845 2840 1922 2882 Al,

66 2892 175 2944 pium
192 2891 373 2944 regiones
390 2890 604 2947 suppositas
615 2915 628 2936 ,
647 2903 718 2944 per
731 2904 829 2946 quas
846 2904 894 2933 ex
909 2892 1024 2937 Italia
1038 2894 1089 2936 ad
1110 2895 1363 2937 Germaniam
1376 2921 1390 2942 ,
1416 2898 1455 2941 ἃ,
1471 2896 1564 2938 inde
1576 2898 1628 2940 ad
1642 2899 1865 2944 Pannonios
1877 2902 1916 2940 Sc

66 2949 204 2988 Dacos
219 2950 296 2989 iter
310 2947 627 3003 compendiosius
637 2948 762 2991 existit
772 2977 782 2989 .

28 3012 64 3046 ·6
95 3007 248 3047 Horrea
265 3032 278 3050 ,
290 3007 402 3048 instar
420 3020 631 3062 paruorum
644 3007 870 3054 castrorum,
883 3019 1029 3064 aggere
1045 3013 1084 3052 δε
1100 3009 1207 3053 vallo
1220 3011 1368 3054 munita
1381 3037 1394 3058 ,
1410 3009 1609 3055 frumento
1623 3016 1687 3059 ,δε
1703 3015 1831 3057 omnis
1846 3025 1916 3067 ge-

61 3067 166 3104 neris
185 3068 424 3109 commeatui
435 3064 668 3121 reponendo
684 3091 697 3111 2
718 3069 757 3112 Sc
772 3066 864 3108 hinc
879 3068 929 3110 ad
945 3068 1063 3111 castra
1074 3094 1087 3114 ,
1108 3080 1229 3124 prout
1252 3068 1451 3113 necessitas
1462 3068 1641 3126 posceret
1654 3099 1668 3121 ‚
1691 3075 1730 3113 in
1746 3072 1915 3111 militum

58 3123 246 3164 alimenta
263 3124 518 3177 perducendo
534 3151 548 3170 ‚
561 3123 764 3169 veteribus
780 3126 995 3168 Procestria
1010 3151 1023 3171 ,
1036 3126 1145 3182 quasi
1161 3127 1291 3171 castris
1304 3129 1497 3184 proxima,
1509 3129 1612 3173 dieta
1625 3160 1636 3171 .
1661 3133 1815 3172 Horrea
1826 3141 1915 3172 nos,

61 3180 124 3222 vel
140 3179 371 3234 repositoria
385 3181 544 3240 frugum
561 3181 829 3224 subcastrensia
840 3210 853 3231 ,
863 3183 1060 3239 appellare
1076 3182 1277 3240 possumus
1288 3215 1300 3224 .

42 3252 68 3288 5⁷*
96 3238 309 3284 Proccstria
323 3240 404 3284 hac
420 3243 514 3286 loco
530 3239 716 3301 montoso
733 3245 772 3286 &
784 3239 920 3299 aspero
935 3246 1106 3288 extrueta
1118 3268 1132 3292 ,
1146 3256 1226 3288 tam
1240 3245 1478 3290 munitiones
1491 3259 1562 3303 per
1576 3246 1700 3302 ripam
1713 3242 1923 3306 Draus-flu..

1755 3312 1873 3342 mlms
