2221 3512
260 186 438 240 quinqne
456 180 648 224 duntaxat
666 177 801 222 aestiuis,
819 169 1059 222 conficerent
1075 191 1083 218 ;
1097 173 1217 229 plen‘o
1232 184 1362 216 autem
1377 172 1501 227 gradu
1517 196 1530 216 2
1547 171 1617 227 qui
1633 168 1789 215 citatior
1806 167 1912 222 etat}
1932 169 2126 222 totidem.)

264 242 371 284 horis
385 266 397 284 ,
410 239 549 292 viginti
566 249 754 292 quattuor
770 236 890 280 millia
908 233 1099 288 peregiffe
1113 234 1256 280 author
1267 233 1319 273 est
1330 232 1521 291 Vegetius
1534 230 1605 271 lib.
1625 244 1660 274 ι.
1676 246 1762 288 cap.
1777 247 1800 282 9
1811 262 1822 272 .

205 304 232 329 ’ἓ
293 296 507 339 Solleuando
522 295 548 333 il
563 295 638 338 dito
651 293 892 346 dannost’gno
903 293 943 334 (li
957 291 1144 343 ecstanza,
1162 306 1179 330 e
1191 291 1230 335 di
1242 289 1398 331 vittoria
1412 319 1422 329 .

212 364 260 402 16
272 372 286 396 1
322 354 525 395 Sarmatici
542 354 713 406 equites,
725 349 907 403 sagittarii
921 376 933 394 2
950 351 1118 394 Romani
1132 349 1325 392 exercitus
1342 349 1526 393 virtutem
1538 347 1813 393 formidantes,
1833 351 2039 404 repentino
2049 365 2126 398 ter..

262 426 350 457 rore
367 439 380 458 ,
396 416 432 456 ex:
450 409 604 456 incursu
620 407 810 464 pauefacti
823 433 835 451 2
862 406 1070 462 aufugiunt
1082 434 1094 452 ‚
1121 408 1256 465 paucis
1272 406 1430 451 illorum
1449 407 1715 460 pugnantibus
1729 433 1742 451 3
1761 407 1939 461 pluribus
1954 410 2125 454 cadenti-

261 472 336 513 bus
352 497 364 506 -
393 465 596 524 Superaffe
612 479 742 512 autem
759 463 869 510 fimul
882 479 973 510 cum
991 467 1113 510 Dacis
1130 478 1215 507 eam
1230 476 1388 518 gentem
1402 466 1628 509 Traianum,
1644 479 1879 520 argumento
1892 467 1998 510 esp&
2017 469 2124 527 quod

263 529 498 571 Sarmaticus
518 525 644 565 dietus
657 549 668 568 2
684 525 736 565 de
755 523 940 567 Sarmatis
955 526 993 565 &
1007 524 1130 569 Dacis
1143 523 1286 577 pariter
1300 522 1541 576 triumphum
1557 524 1705 577 egerit,
1728 528 1766 567 &
1781 526 1820 564 in
1833 523 2130 572 numismatibus

260 585 450 638 antiquis,
467 583 580 623 huius
600 582 655 625 rei
671 593 970 625 monumentum
986 593 1094 625 extat
1106 610 1116 621 .
1138 583 1310 626 Fuerunt
1324 593 1456 625 autem
1483 580 1522 619 hi
1539 581 1735 626 Sarmatae,
1750 596 1830 623 nou
1848 596 1897 623 ex
1910 584 2124 628 Sarmatia,

259 642 428 685 Asiatica
443 666 455 685 2
469 653 556 695 quae
574 639 730 694 longius
743 639 891 684 aberat,
910 637 976 679 sed
991 640 1196 693 Europam,
1209 652 1295 694 quae
1316 650 1398 678 crat
1410 637 1576 680 finitima
1592 665 1603 683 ,
1620 640 1906 692 complet‘tente
1924 646 1941 692 <
1955 655 1998 682 vt
2014 642 2122 692 dixi)

261 699 484 755 prouincias
503 697 623 737 hodie
638 698 758 741 dietas
773 696 980 740 Poloniain
995 722 1008 741 ο
1025 696 1206 742 Pruffiam
1218 722 1231 741 2
1247 696 1414 741 Ruffiam
1427 721 1439 740 2
1458 696 1668 739 Liuoniam
1679 722 1691 741 2
1706 697 1940 745 umanum,
1957 702 1996 741 &
2014 714 2123 745 non-2

260 758 442 809 exiguam
457 757 678 810 portionem
695 752 907 800 Moscouiae
922 782 931 794 .
1783 771 1787 774 ·

215 831 231 862 3
242 823 290 857 62
327 813 613 855 Simulachrum
628 838 640 856 >
652 824 696 857 vt
712 812 891 853 existimo
902 838 915 857 2
930 810 1094 855 Aurorae
1105 812 1168 855 vel
1186 813 1323 857 Dianae
1336 839 1347 858 2
1359 811 1471 868 quod
1488 811 1554 854 vel
1567 813 1699 856 noem,
1717 813 1778 854 vel
1794 812 1901 855 certe
1919 811 1987 855 sub
2001 828 2129 856 matu..

261 874 386 916 tinum
402 869 670 924 crepusculum
685 895 697 913 2
721 870 786 910 hic
800 867 922 913 fuerit
937 883 1027 912 cum
1041 870 1150 912 hoste
1166 874 1367 914 conflictus
1384 900 1394 910 .
1436 869 1524 913 Nili
1559 871 1683 910 Deam
1712 871 1886 925 aliquam
1914 872 2129 916 crediderit

261 944 360 972 vana
374 928 571 983 gentilitas
587 929 626 966 in
643 940 692 966 eo
703 926 771 971 fibi
788 928 920 980 praelio
932 929 1145 982 propitiam
1159 926 1323 971 adfuisse
1339 955 1352 973 s
1365 929 1428 972 vel
1445 928 1659 984 Templum
1675 927 1842 984 aliquod
1853 927 1974 971 fuerit
1989 955 2002 975 ,
2028 932 2127 973 Deae

262 986 485 1028 huiusmodi
501 984 766 1029 consecratum
785 1010 797 1030 2
813 986 921 1026 iuxta
934 985 1044 1038 quod
1058 987 1232 1038 praelium
1246 984 1493 1030 commissum
1510 1015 1522 1026 .

212 1052 259 1090 36
267 1060 285 1098 3
323 1045 482 1085 Tertius
501 1044 564 1086 hic
579 1041 653 1084 fuit
671 1056 759 1085 cum
774 1042 886 1084 hoste
897 1041 1123 1096 ,congressus
1136 1069 1147 1090 ,
1172 1045 1212 1087 in
1228 1058 1312 1098 quo
1324 1043 1438 1086 multi
1453 1043 1606 1098 pedites
1622 1043 1725 1086 Daci
1740 1069 1753 1088 2
1770 1044 1926 1098 equites
1942 1045 2126 1087 Sarmatae

265 1103 492 1147 ceciderunt
514 1117 524 1145 ς
556 1113 727 1156 quorum
763 1100 903 1146 occasu
918 1127 931 1147 ³
959 1102 1121 1144 victoria
1146 1114 1260 1160 parta
1291 1130 1302 1141 .
1341 1100 1479 1144 Clanis
1514 1101 1619 1145 Daci
1643 1101 1685 1143 in
1712 1102 1791 1142 hoc
1819 1103 2031 1144 certamine
2054 1116 2129 1158 pu-

272 1173 439 1217 gnarunt
451 1188 461 1200 .

216 1225 292 1271 164
325 1220 476 1262 Currus
495 1216 664 1259 hostium
679 1242 690 1261 ‚
706 1230 875 1261 annona,
890 1216 1006 1274 signis
1019 1243 1031 1261 2
1044 1216 1140 1258 vafis
1155 1243 1167 1262 2
1184 1217 1333 1273 clypeis
1345 1243 1357 1262 ³
1374 1220 1414 1259 δε
1431 1216 1573 1271 gladiJ's
1591 1217 1716 1259 onusti
1730 1243 1742 1262 a
1757 1219 1797 1261 in
1810 1216 2041 1273 potestatem
2056 1219 2128 1258 mi‹

263 1278 344 1321 litis
360 1276 528 1316 Romani
545 1287 735 1315 venerunt
750 1303 760 1312 .
797 1275 907 1316 Rotae
923 1288 1054 1318 autem
1080 1288 1215 1320 currus
1241 1276 1354 1316 vnius
1370 1300 1383 1320 ,
1415 1276 1529 1315 miles
1546 1275 1690 1330 aliquis
1704 1277 1905 1318 Romanus
1922 1276 2100 1329 captiuus
2115 1302 2130 1321 ,

262 1335 374 1376 velut
391 1333 489 1376 alter
507 1333 618 1375 Ixion
635 1332 816 1384 alligatus
839 1357 851 1377 ‚
881 1331 1094 1386 multisque
1108 1332 1346 1374 cruciatibus
1375 1332 1397 1374 a
1420 1333 1594 1373 barbaris
1618 1345 1846 1388 peremptus
1868 1331 2127 1386 conspicitur:

263 1393 334 1447 qui
351 1390 404 1431 ob
418 1389 598 1430 saeuitiam
615 1390 951 1434 &immanitatem
968 1416 979 1436 2
1001 1403 1121 1445 quam
1134 1391 1174 1430 in
1187 1391 1366 1449 captiuos
1382 1387 1643 1435 exercebant,
1657 1405 1796 1449 poenas
1809 1388 1950 1434 merito
1964 1415 1978 1436 2
1991 1391 2130 1446 ingen-

266 1452 295 1490 ti
311 1448 422 1491 clade
440 1445 612 1500 suscepta
631 1473 644 1491 ‚
660 1448 839 1490 luerunt.
1020 1448 1025 1449 ⁷

215 1512 288 1557 165
325 1505 595 1562 Spectaculum
625 1504 870 1548 miseratione
884 1505 1046 1557 dignum
1065 1531 1078 1551 2
1098 1504 1280 1559 parentes
1295 1504 1398 1547 senio
1413 1505 1580 1549 confesti
1593 1531 1606 1551 2
1621 1504 1789 1550 infantes
1804 1506 1910 1549 filios
1925 1531 1940 1552 2
1955 1518 1998 1549 vt
2011 1506 2128 1547 dulce

268 1562 500 1618 onus,super
513 1562 699 1602 humeros
716 1561 864 1615 gestant
880 1591 890 1600 .
931 1564 1080 1605 Matres
1096 1563 1233 1604 itidem
1249 1578 1338 1605 cara
1350 1565 1518 1621 pignora
1533 1564 1748 1617 complexae
1761 1590 1773 1609 ,
1787 1565 2036 1605 imminentes
2047 1564 2129 1604 Ro-

266 1634 403 1671 manos
423 1621 565 1661 milites
581 1618 740 1672 fugiunt
755 1644 766 1663 2
780 1622 819 1664 ὃς
837 1620 877 1664 in
889 1618 1032 1677 syluas‚
1050 1620 1182 1666 saltus,
1196 1621 1365 1679 locaque
1379 1623 1592 1664 munitiora
1604 1620 1643 1662 se
1658 1623 1855 1680 recipiunt
1867 1648 1879 1668 2
1891 1621 2055 1677 propriae
2071 1619 2128 1663 sa·-

263 1680 336 1722 luti
353 1676 598 1721 consulentes
612 1706 623 1715 .

264 1739 466 1779 Dacarum
481 1734 732 1776 foeminarum
747 1735 919 1779 habitus,
936 1736 1066 1778 tunica
1082 1735 1158 1780 fnit
1172 1737 1376 1782 manicata,
1390 1736 1538 1779 finuosa
1549 1762 1562 1783 2
1579 1736 1770 1779 succincta
1785 1763 1797 1782 2
1815 1740 1854 1778 &
1868 1736 1991 1793 vsque
2003 1736 2052 1779 ad
2067 1747 2124 1778 ta-

265 1797 326 1836 los
342 1790 526 1838 demissa,
546 1793 659 1847 super
675 1807 794 1848 quam
811 1795 984 1834 lacernas
997 1794 1238 1840 induebant,
1260 1796 1530 1846 Romanorum
1550 1797 1655 1850 togis
1670 1809 1808 1850 parum
1824 1795 2030 1837 abfimiles.·
2042 1796 2123 1836 Ve-

267 1855 396 1899 lamen
412 1863 543 1893 autem
559 1852 697 1905 capitis
711 1877 723 1894 ‚
739 1852 887 1894 lineum
905 1864 1064 1906 tegmen
1077 1851 1152 1893 fuit
1165 1880 1174 1895 2
1192 1854 1288 1894 vitta
1300 1854 1503 1908 alligatum
1514 1879 1527 1897 ,
1553 1856 1592 1894 &
1605 1852 1739 1894 versus
1753 1853 1938 1894 humeros
1952 1853 2014 1894 vel
2034 1851 2125 1893 dor-

266 1909 348 1952 sum
368 1909 543 1964 pendens
559 1937 570 1947 .
615 1911 898 1949 Ornamentum
911 1908 1091 1967 profecto
1107 1910 1219 1967 quod
1232 1912 1418 1966 gratiam,
1441 1911 1680 1954 venustatem
1693 1936 1707 1956 ,
1723 1911 2044 1967 maiestatemque
2056 1921 2124 1965 pa-

270 1971 364 2010 riter
380 1964 575 2008 referebat
588 1995 599 2005 .

217 2031 294 2071 166
330 2025 431 2066 Daci
449 2024 602 2078 aliquot
626 2025 796 2064 Traiano
813 2024 993 2079 Augusto
1018 2024 1283 2072 sededentes‚
1306 2026 1465 2068 salutem
1483 2029 1520 2068 &
1537 2025 1786 2069 clementiam
1802 2026 1852 2067 ab
1876 2025 1960 2080 ipso
1991 2022 2125 2066 conse-

271 2093 462 2137 qunntur,
477 2081 570 2122 licet
587 2081 662 2123 illis
679 2082 857 2123 videatur
870 2082 1088 2135 exprobare
1104 2085 1440 2138 ingratitudinem>
1451 2084 1805 2128 inconstantiam&
1816 2084 1975 2126 dubiam
1993 2082 2124 2124 fidem.

217 2155 233 2181 1
244 2146 296 2189 67
332 2141 547 2182 Nouoi-um
573 2139 782 2181 castrorum
805 2141 973 2180 munitio
989 2156 999 2183 ;
1026 2155 1113 2195 pars
1128 2142 1273 2182 calcem
1291 2141 1391 2182 intra
1405 2143 1600 2194 cophinos
1614 2167 1626 2185 s
1653 2139 1717 2183 seu
1732 2142 1920 2183 vimineas
1935 2141 2042 2182 cistas
2057 2151 2126 2179 ve-

268 2198 388 2238 hunt;
406 2210 491 2249 pars
511 2195 660 2250 scalpro
675 2195 803 2239 ferreo
815 2200 853 2240 8<
869 2198 1014 2239 malleo
1032 2199 1182 2254 lapides
1194 2200 1404 2241 dedolatos
1421 2198 1540 2241 fabris
1553 2199 1730 2250 murat-ijs
1745 2200 1958 2241 ministrant
1971 2223 1984 2243 2
1999 2209 2042 2239 vt
2054 2194 2125 2238 suo

267 2267 470 2309 quemque
484 2255 577 2297 loco
594 2267 785 2308 reponant
800 2284 810 2293 .

216 2327 233 2353 1
244 2316 294 2353 68
330 2312 430 2353 Daci
450 2312 597 2365 captiui
611 2311 632 2351 e
649 2324 778 2365 pugna
793 2312 963 2356 abdueti,
984 2314 1162 2357 manibus
1172 2315 1258 2369 post
1273 2327 1381 2369 terga
1395 2313 1484 2355 loro
1497 2314 1693 2360 reuinctis2
1706 2313 1821 2365 saucij
1839 2312 1908 2357 sub
1921 2312 2026 2367 figna
2040 2337 2052 2357 a
2067 2308 2126 2354 se-

273 2370 447 2412 cui-itatis
467 2368 562 2422 ergo
575 2395 587 2413 ‚
599 2367 621 2410 a
639 2369 829 2411 militibus
841 2370 1089 2424 perferuntur
1105 2401 1116 2412 .

217 2440 233 2472 1
244 2433 294 2476 69
327 2427 481 2470 Milites
501 2427 667 2469 Romani
686 2441 764 2467 non
781 2429 918 2483 pauci,
931 2428 953 2470 ὰ
973 2429 1093 2476 Dacis
1109 2430 1148 2469 in
1160 2442 1291 2483 pugna
1304 2455 1316 2475 a
1332 2443 1418 2487 quae
1435 2426 1523 2470 satis
1534 2442 1693 2473 cruenta
1705 2429 1780 2470 fuit
1791 2455 1802 2475 ,
1820 2428 1991 2472 sauciati,
2003 2427 2051 2469 ad
2063 2427 2125 2468 lo-

269 2498 360 2529 cum
375 2484 442 2527 vbi
458 2483 564 2538 figna
579 2484 835 2526 confistebant
849 2511 862 2530 2
889 2498 931 2527 vt
947 2487 1134 2527 tutiorem
1150 2487 1392 2530 reducuntur
1404 2514 1416 2532 2
1434 2487 1517 2543 quo
1541 2488 1700 2530 illorum
1723 2487 1883 2531 vulnera
1898 2485 1920 2526 a
1932 2485 2125 2538 chirurgis

270 2543 466 2582 exercitus
484 2554 710 2585 curarentur
724 2568 737 2587 2
759 2556 801 2585 vt
814 2542 859 2583 fit
874 2573 883 2584 ,
916 2544 968 2583 Et
983 2542 1072 2585 cum
1090 2545 1317 2586 vulneribus
1332 2545 1546 2601 ligamenta
1569 2543 1743 2587 deelsent
1758 2570 1770 2590 2
1796 2541 1925 2588 Caesar
1944 2541 2125 2598 singulari

269 2601 418 2654 pietate
431 2597 518 2642 vsus
532 2625 543 2644 ,
559 2601 723 2654 propriae
735 2601 827 2642 vesti
844 2614 924 2643 non
938 2603 1115 2656 pepercit
1126 2628 1139 2647 2
1155 2615 1274 2657 quam
1288 2603 1327 2642 in
1341 2603 1501 2643 lacinias
1517 2601 1756 2647 conscissam,
1769 2600 1944 2646 sauciatis
1961 2598 2126 2655 partitus

270 2657 323 2697 est
336 2683 347 2702 ,
365 2670 444 2711 qua
462 2657 619 2698 illorum
636 2657 797 2701 vulnera
811 2658 1081 2712 obligarentur
1094 2685 1107 2704 2
1130 2658 1309 2717 caefisque
1325 2660 1364 2701 in
1378 2660 1515 2717 praelio
1527 2674 1610 2702 aras
1624 2661 1754 2704 statuit
1768 2686 1782 2705 2
1797 2658 1941 2717 quibus
1956 2669 2127 2716 quotan-

272 2715 329 2754 nis
346 2716 540 2767 parentari
556 2713 656 2756 iuffit
669 2741 681 2759 >
697 2716 789 2756 teste
806 2716 942 2756 Dione
954 2745 964 2754 .

220 2784 236 2814 1
246 2783 296 2820 70
329 2771 600 2813 Carrobalistae
614 2798 626 2816 ‚
639 2772 789 2815 bellicae
805 2774 993 2815 machin-„e
1005 2800 1017 2819 2
1033 2773 1109 2815 tela
1124 2773 1280 2828 longius
1294 2777 1467 2816 iacentes
1481 2802 1494 2820 a
1508 2774 1529 2816 a
1543 2774 1702 2815 duobus
1723 2774 1839 2816 mulis
1855 2776 1980 2815 traCtae
1992 2799 2005 2818 ,
2024 2770 2125 2815 anti-

275 2830 363 2882 quis
382 2828 549 2869 maxime
569 2830 608 2869 in
625 2829 691 2872 vsu
705 2829 815 2872 fuere
828 2857 841 2876 2
864 2845 951 2886 quae
968 2845 1038 2885 per
1051 2831 1219 2888 fingulas
1235 2834 1428 2873 centurias
1441 2859 1454 2877 ,
1476 2833 1632 2887 fingulae
1659 2832 1794 2875 haberi
1814 2830 2121 2873 consueuettlnti

274 2884 420 2940 quibus
438 2886 533 2927 muli
547 2887 597 2927 ad
609 2888 842 2930 trahendum
859 2915 872 2934 ‚
888 2892 926 2930 &
942 2889 1088 2943 singula
1102 2890 1359 2933 contubernia
1373 2890 1422 2930 ad
1439 2891 1666 2931 armandum
1680 2891 1741 2931 vel
1755 2889 2001 2944 dirigendum
2018 2912 2031 2932 2
2045 2887 2124 2929 hoc

280 2942 333 2981 est
348 2943 528 2983 vndecim
541 2944 724 2989 homines
739 2946 1029 3001 deputabantur
1042 2976 1051 2985 .
1082 2947 1243 3005 Qanto
1257 2947 1351 2989 vero
1367 2950 1534 2990 maiores
1549 2948 1785 2993 existebant,
1798 2946 1906 2988 tanto
1917 2943 2071 3001 longius
2084 2948 2125 2986 v&

275 2998 416 3040 fortius
430 3001 505 3043 tela
517 3002 787 3047 iaculabantur
807 3034 816 3043 .
858 3007 956 3046 Non
969 3003 1093 3045 solum
1109 3017 1241 3049 autem
1253 3006 1308 3048 hae
1321 3007 1508 3047 machinae
1521 3006 1639 3047 castra
1654 3004 1940 3048 defendebant,
1960 3001 2125 3046 verum

275 3058 394 3097 etiam
408 3058 447 3099 in
461 3071 601 3112 campo
623 3061 707 3114 post
727 3064 851 3102 aciem
868 3063 996 3116 grauis
1012 3075 1211 3105 armaturae
1225 3064 1496 3117 ponebantur.
1530 3063 1596 3105 Ad
1613 3076 1780 3118 quarum
1803 3064 1992 3119 impetum
2008 3085 2022 3106 ,
2051 3071 2124 3103 nec

277 3117 430 3169 equites
451 3116 630 3160 loricati,
642 3130 714 3158 nec
727 3121 878 3175 pedites
892 3118 1028 3164 scutati
1041 3120 1220 3165 obsistere
1234 3133 1415 3176 poterant
1426 3150 1436 3161 .
1459 3124 1505 3162 In
1521 3135 1596 3163 vna
1611 3133 1741 3163 autem
1756 3121 1913 3173 legione
1928 3120 2125 3174 quinqua·

282 3174 389 3226 ginta
407 3174 584 3228 quinque
598 3174 850 3217 carrobalistae
864 3174 938 3216 effe
952 3176 1133 3218 solebant
1145 3204 1157 3224 2
1171 3180 1336 3223 authore
1350 3181 1523 3234 Vegetio
1537 3180 1604 3220 lib.
1621 3193 1659 3218 2.
1675 3192 1758 3232 cap.
1773 3190 1839 3227 25.
1952 3176 1955 3179 ’

228 3242 274 3279 Π
286 3244 300 3269 1
339 3232 475 3274 Dacus
492 3232 671 3278 Romano
688 3233 803 3275 militi
811 3232 849 3278 se
861 3233 1008 3277 dedens
1020 3261 1032 3282 2
1048 3236 1225 3279 dextram
1238 3237 1372 3280 dextra
1385 3236 1643 3295 apprehendit
1654 3262 1671 3284 2
1682 3237 1721 3277 in
1733 3233 1827 3280 fidei
1838 3235 1989 3292 fignum
2003 3263 2015 3279 2

1878 3307 1900 3352 μι
1911 3306 1959 3348 72
1978 3296 2072 3337 Pto-
