2221 3512
307 158 427 221 DE
480 156 691 223 COL·
738 157 1146 223 TRArANt
1191 157 1531 225 CAP·1x·
1715 187 1840 249 279

3 283 26 319 a
51 263 193 334 gina-3
208 262 286 331 sed
299 269 431 331 ipsum
447 266 681 330 praefi’ntem
707 262 1015 335 audientemque
1041 268 1344 332 confhlutabant
1376 280 1680 338 Imperatorem,
1709 281 1926 347 nomenque

67 336 173 401 quod
188 339 260 402 alij
278 333 440 384 domitis
457 332 626 402 hostibus
644 364 658 389 ‚
675 353 721 382 tu
739 344 966 403 contemptis
986 337 1177 386 merebare
1193 357 1206 394 3
1224 339 1326 387 hinc
1340 340 1555 408 sequitur,
1573 348 1761 413 primam
1781 351 1824 397 in
1843 351 1926 397 hoc

65 406 192 453 Bello
207 406 565 454 acclamationem
583 406 914 471 Imperatoriam
930 436 944 460 ,
962 423 1060 471 quae
1072 408 1222 457 eadem
1236 414 1313 461 ΙΙΙ.
1330 413 1376 462 in
1394 414 1544 466 ordine
1560 420 1728 472 extitit,
1752 418 1779 465 s
1774 421 1830 466 ul,
1852 423 1928 467 v1.

60 473 183 523 Trib.
204 478 414 524 Potestate
431 474 679 524 recensitam
693 507 708 531 ‚
724 476 771 524 in
785 474 871 523 fine
891 476 1082 526 eiusdem
1101 480 1239 534 Belli,
1254 489 1298 528 &
1314 481 1487 534 forsitan
1502 487 1548 534 in
1567 487 1659 551 ipso
1677 489 1807 553 praelij
1827 490 1925 537 loco

55 546 104 596 in
120 564 211 612 quo
229 549 338 595 vires
359 545 561 595 Decebali
580 546 722 597 accisae
735 545 924 601 fuerunt,
943 551 1013 609 (vt
1027 546 1080 594 de
1098 550 1280 597 Tiberio
1293 552 1389 615 post
1406 557 1572 607 vietum
1588 561 1844 607 Arminium
1859 560 1920 606 ait

57 615 235 665 Tacitus
255 617 413 664 Annal.
433 616 510 667 lib.
527 619 578 663 Π.
597 618 613 681 )
643 616 864 684 legitime,
880 633 959 664 nec
974 616 1082 664 vltra
1094 637 1267 667 morem
1283 624 1531 688 contigisse:
1553 629 1922 692 excusandamque

5 701 22 743 ιι
63 687 168 735 item
183 705 232 734 ex
246 688 306 733 rei
325 684 625 751 magnitudine
637 718 652 742 ,
671 688 914 735 nouitatem
929 716 943 741 ³
963 689 982 748 (
996 685 1025 735 fi
1040 688 1175 736 modo
1190 689 1250 737 ita
1263 720 1278 745 ‚
1292 704 1504 758 tanquam
1523 696 1721 745 aduersus
1736 699 1924 764 praescri-

7 762 8 769 ’
54 772 182 825 ptum
200 759 363 806 Dionis
379 788 392 811 ,
421 758 616 805 vocanda
633 757 722 818 est)
753 756 840 823 quii
858 755 1080 806 Vniuersus
1111 761 1319 809 exercitus
1344 761 1424 810 sub
1454 764 1585 832 lignis
1614 769 1659 813 in
1693 775 1710 810 (
1735 770 1920 817 olumna

55 846 180 876 num.
202 845 313 878 220·
327 826 571 893 dispositus,
588 827 694 877 dum
715 828 970 881 Decebalus,
987 842 1085 880 ante
1098 832 1339 880 Traianum
1357 835 1403 882 in
1427 834 1624 902 suggestu
1644 837 1889 889 sedentem..
1905 868 1922 892 ‚

54 900 238 966 genibus
257 900 403 948 minor
419 916 465 944 ac
481 899 659 963 supplex
677 899 806 964 ipsius
824 914 964 965 genua
979 901 1118 964 tangit
1133 933 1148 957 ,
1166 902 1314 954 iterata
1332 906 1642 955 acclamatione
1664 918 1920 975 Imperatoris

8 1014 9 1018 ,
56 966 248 1037 quartam
265 1001 279 1026 ,
308 982 560 1018 commotus
577 967 805 1036 spectaculi
821 969 1145 1034 magnificentia
1161 1002 1174 1028 ,
1193 980 1233 1020 &
1252 976 1447 1024 Romani
1462 980 1653 1028 nominis
1668 978 1808 1043 gEorich
1823 1009 1837 1032 ,
1852 995 1920 1026 ce-

7 1060 9 1087 ι
56 1039 238 1089 lebrauit
255 1059 265 1088 :
282 1039 383 1089 cum
406 1040 500 1086 Dio
517 1038 605 1104 ipse
620 1070 633 1095 ,
662 1040 782 1090 iuxta
799 1042 889 1087 eius
905 1041 928 1084 a
948 1039 1194 1091 Theodosio
1207 1061 1428 1109 excerpta,
1459 1051 1513 1096 ita
1532 1047 1702 1114 prorsus
1727 1048 1781 1096 ab
1797 1067 1918 1097 exer-

2 1132 26 1171 ·32
57 1112 142 1160 citu
161 1112 398 1160 Traianum
415 1109 705 1161 acclamatum
720 1115 832 1180 lmp-
849 1111 1017 1168 referat,
1035 1125 1138 1161 tunc
1156 1113 1256 1163 cum
1273 1118 1591 1170 Parthainaliris
1609 1120 1660 1170 ad
1680 1121 1768 1168 eius
1789 1118 1917 1186 pedes

9 1187 10 1190 ’
58 1180 259 1231 diadema
274 1179 473 1248 deposuit
489 1213 502 1225 .

126 1250 233 1315 Q&
253 1254 353 1302 vero
368 1251 420 1298 ad
437 1249 610 1302 secundi
626 1251 735 1298 Belli
753 1252 1133 1303 continuationem
1149 1284 1163 1308 a
1190 1255 1259 1302 cui
1277 1256 1455 1306 initium
1469 1257 1546 1307 sub
1563 1258 1787 1309 consulatu
1804 1262 1925 1306 Cam

57 1320 145 1370 didi
162 1321 435 1380 &Quadrati
465 1340 517 1369 ex
549 1322 778 1388 Spartiano
804 1330 847 1369 &
880 1323 1113 1390 Xiphilino
1138 1324 1348 1381 fecimus,
1379 1327 1464 1374 hoc
1492 1328 1578 1382 est,
1605 1347 1723 1380 anno
1749 1331 1920 1393 Imperij

57 1392 234 1442 Traiani
252 1397 369 1443 VlIl.
389 1424 403 1448 ,
433 1391 532 1440 finis
559 1410 610 1440 ex
629 1391 786 1458 quinta
804 1393 1112 1443 acclamatione
1125 1397 1405 1463 Imperatoria
1421 1398 1616 1464 sequenti
1632 1417 1748 1448 anno
1766 1400 1923 1467 praelti-

54 1477 123 1512 tus
138 1479 312 1530 apparet
330 1462 471 1514 :vnde
487 1462 617 1518 duOS,
633 1480 713 1510 nec
730 1463 908 1529 quidem
923 1468 1133 1531 integros,
1149 1483 1288 1513 annos
1303 1468 1411 1517 illud
1425 1469 1583 1516 duralle
1600 1469 1779 1520 constat.

4 1556 24 1590 ,μ
133 1536 178 1581 Si
196 1552 297 1599 ergo
315 1536 450 1581 tribus
467 1534 552 1580 iilis
564 1534 713 1598 primae
731 1533 1019 1599 expeditionis
1037 1538 1161 1586 annis
1178 1567 1191 1591 2
1205 1535 1293 1584 duo
1310 1540 1425 1585 male
1441 1542 1624 1604 integri,
1642 1559 1754 1607 quos
1771 1538 1920 1587 secun-

12 1600 13 1625 ³
53 1601 120 1650 dae
137 1603 403 1671 expeditioni
417 1602 586 1658 damus,
608 1603 810 1654 accedant
825 1622 837 1658 3
854 1621 1061 1653 numerus
1079 1608 1278 1670 quinque
1295 1625 1514 1656 annorum
1532 1640 1546 1664 ,
1564 1611 1723 1674 quibus
1747 1626 1920 1659 Vtrum-

55 1690 143 1739 que
160 1673 325 1722 bellum
342 1676 413 1725 vix
430 1673 589 1722 duralle
607 1676 798 1723 lulianus
815 1677 872 1721 ait
887 1705 900 1729 ,
916 1676 997 1723 rite
1012 1674 1267 1726 conficietur
1284 1710 1295 1721 .
1587 1676 1590 1678 ’

13 1735 15 1741 ‚
125 1748 257 1795 Hunc
275 1746 485 1795 calculum
503 1745 677 1791 summo
694 1750 804 1796 Viro
822 1744 1004 1796 minime
1022 1746 1194 1810 probari
1211 1746 1299 1794 scio
1313 1778 1327 1803 ‚
1357 1750 1433 1813 qui
1454 1751 1506 1798 de
1532 1748 1618 1798 fine
1644 1750 1750 1798 Belli
1772 1750 1924 1800 Dacici.

13 1825 15 1849 ³
53 1833 225 1864 mecum
244 1817 538 1870 conueniens,
559 1818 650 1862 eius
664 1817 842 1866 instium
860 1818 1032 1881 integro
1049 1834 1168 1865 anno
1187 1818 1463 1881 protrahebat
1480 1852 1494 1876 ,
1525 1821 1650 1869 nihili
1665 1821 1814 1868 habita
1834 1825 1923 1867 Eu-

53 1884 151 1947 sebij
166 1894 209 1934 Sc
227 1885 496 1941 tssaffiodori,
515 1904 649 1952 quam
666 1884 788 1951 supra
805 1887 1049 1942 retulimu5‚
1064 1886 1297 1936 traditione
1310 1920 1324 1943 ,
1342 1905 1390 1937 vt
1405 1892 1510 1939 illud
1528 1910 1617 1941 non
1639 1891 1748 1939 bene
1778 1889 1923 1956 elapso

13 1985 15 2013 ;
54 1957 363 2024 quinquennio
377 1976 478 2005 cum
495 1958 669 2005 Iuliano
684 1954 939 2011 conficeret3
960 1956 1034 2004 vbi
1050 1976 1101 2004 ex
1118 1960 1259 2006 nostra
1275 1959 1586 2025 supputatione
1605 1961 1673 2009 sex
1688 1961 1773 2009 fere
1788 1963 1923 2008 inter—

14 2045 17 2074 2
54 2025 198 2075 cedere
215 2027 486 2081 videntumb
503 2029 630 2074 initio
646 2030 747 2078 anni
767 2029 907 2092 quarti
924 2026 977 2073 ad
995 2025 1128 2077 finem
1148 2033 1252 2076 noni
1268 2033 1439 2093 Imperi)
1466 2033 1634 2080 Traiani
1654 2064 1665 2076 .
1704 2031 1894 2080 Verum„
1908 2061 1925 2086 ‚

0 2126 1 2153 2
54 2096 207 2144 Iuliani
223 2097 274 2145 de
290 2102 565 2166 qumquenm'o
581 2106 708 2147 verba
725 2128 737 2151 ,
764 2097 816 2143 de
831 2113 1027 2163 tempore
1045 2097 1145 2146 belli
1161 2099 1265 2164 gesti
1282 2130 1295 2154 ³
1313 2116 1405 2148 non
1425 2101 1476 2148 de
1492 2120 1544 2148 eo
1560 2132 1574 2156 ,
1596 2116 1687 2166 quo
1707 2103 1922 2149 Traianus

54 2166 100 2213 in
117 2166 284 2216 Vrbem
301 2167 491 2216 reuersus
506 2168 558 2214 ab
577 2169 656 2216 ilio
671 2169 864 2235 quieuit,
881 2168 1064 2234 intelligi
1083 2169 1238 2222 debere
1254 2169 1490 2219 credimus:
1511 2188 1587 2218 nec
1603 2174 1738 2227 enim,
1755 2172 1844 2238 pari
1861 2188 1924 2217 ra-

0 2258 18 2287 ;,
54 2238 173 2285 tione
188 2268 203 2292 ι,
221 2240 393 2289 Bellum
413 2241 628 2287 Punicum
651 2244 732 2287 CX
742 2244 794 2288 V.
814 2240 937 2285 annis
953 2237 1112 2288 duraffe
1127 2242 1228 2304 quis
1244 2241 1417 2306 proprie
1436 2240 1590 2289 dixerit
1605 2272 1619 2298 2
1636 2240 1688 2287 eo
1718 2239 1839 2305 quod
1857 2239 1915 2286 ab

0 2347 3 2357 ,
53 2307 181 2354 initio
199 2312 344 2371 primae
362 2309 650 2374 expeditionis
664 2309 717 2356 ad
730 2308 863 2356 finem
880 2310 1031 2361 tertiae,
1045 2323 1111 2356 tot
1125 2328 1174 2356 ex
1196 2312 1361 2359 Velleio
1379 2312 1605 2363 Paterculo
1620 2310 1783 2358 Histor.
1802 2310 1921 2361 lib.1.

0 2398 16 2434 ;12
57 2376 330 2427 interfuerint
346 2398 360 2435 3
390 2379 460 2426 sed
475 2379 693 2427 distribute
711 2397 811 2426 cum
828 2377 921 2444 ipso
938 2379 1024 2428 dici
1042 2380 1169 2428 debet
1186 2413 1199 2436 ,
1219 2399 1270 2428 eo
1287 2383 1494 2447 temporis
1513 2380 1652 2448 spatio
1683 2398 1755 2429 aut
1772 2378 1922 2427 bellum

0 2465 4 2505 ῑ
56 2455 162 2495 inter
179 2467 236 2495 eos
247 2451 429 2512 populos,
456 2468 530 2496 aut
550 2448 981 2514 bellipraeparattonem
997 2482 1009 2503 ‚
1030 2468 1103 2498 aut
1127 2451 1300 2518 infidam
1323 2468 1464 2517 pacem
1493 2450 1673 2518 viguisse
1691 2485 1703 2496 .
1747 2454 1799 2497 Et
1825 2451 1923 2515 qui-

0 2559 4 2567 .
56 2515 278 2571 dem‚n0n
299 2517 525 2566 modicum
538 2518 657 2567 fuiss'e
678 2518 864 2584 spanum
880 2518 1120 2569 cessationis
1138 2523 1245 2569 inter
1265 2536 1502 2588 Vtrumque
1526 2523 1696 2571 Bellum
1715 2519 1923 2587 probabi-

0 2627 4 2638 .
56 2587 96 2634 le
112 2586 196 2642 est3
224 2606 325 2653 quia
357 2589 565 2653 triumphi
584 2605 808 2655 apparatus
823 2625 838 2648 ‚
866 2588 1101 2654 speetacula
1118 2594 1212 2657 post
1230 2611 1331 2640 eum
1351 2591 1492 2648 edita,
1524 2592 1642 2654 (haec
1657 2591 1752 2656 post
1771 2589 1923 2637 secun-

0 2696 4 2708 ,
57 2655 165 2707 dum
185 2658 357 2708 Bellum
374 2663 583 2708 CXXiII.
598 2659 766 2709 dierum
781 2659 898 2709 fuifl'e
912 2660 1150 2711 dicuntura
1170 2664 1418 2729 Xiphilino,
1436 2664 1512 2728 qui
1530 2665 1724 2729 priorum
1740 2674 1919 2726 tempus

0 2737 21 2786 ς’
58 2741 147 2774 non
164 2727 317 2777 definit
337 2738 351 2784 )
374 2731 491 2778 varia
508 2747 582 2795 per
598 2731 869 2779 Decebalum
887 2733 979 2795 post
999 2735 1239 2781 Traianum
1255 2733 1308 2780 ad
1325 2733 1487 2782 Vrbem
1504 2732 1719 2788 reuersum
1733 2762 1748 2787 a
1769 2745 1923 2778 contra

0 2795 34 2855 ¹'ll
61 2795 205 2846 foedus
223 2814 386 2864 patrata
401 2831 416 2855 ,
434 2799 492 2846 ob
507 2818 603 2865 quae
619 2800 763 2851 denuo
778 2801 945 2850 hostisa
965 2806 1123 2849 Senatu
1141 2803 1353 2852 iudicatus
1369 2802 1467 2857 fuit,
1484 2801 1657 2871 ipsaque
1669 2802 1775 2852 noui,
1791 2814 1924 2866 atque

0 2862 13 2927 j
37 2872 41 2876 ⁴
66 2870 237 2919 acrioris
255 2870 355 2917 belli
374 2885 624 2937 praparatio
638 2903 652 2926 ‚
666 2889 800 2921 omne
815 2871 922 2921 illud
940 2874 1218 2923 interuallum
1235 2872 1498 2928 absumunt,
1526 2872 1648 2939 quod
1664 2870 1781 2921 extra
1794 2872 1927 2920 Iulia·

0 2960 3 2996 i
23 2980 26 2989 ,
65 2939 109 2991 ni
127 2941 485 3008 quinquennium
502 2947 522 3006 (
539 2957 632 2990 non
649 2944 829 3006 quidem
844 2939 1089 2990 absolutum
1104 2974 1119 2998 ,
1134 2943 1204 2990 sed
1224 2944 1295 2990 vix
1312 2942 1600 3002 inchoatum)
1616 2944 1638 2990 ὲ
1657 2941 1726 2990 sex
1743 2941 1896 2989 nostris
1908 2969 1925 2995 ,

0 3041 3 3076 i
63 3023 139 3055 nec
156 3028 310 3076 pariter
328 3014 505 3081 integris
522 3013 670 3070 ‚annis
690 3044 704 3070 ,
719 3013 742 3078 a
759 3013 904 3081 primo
934 3011 987 3061 ad
1004 3011 1242 3061 secundum
1255 3013 1428 3064 Bellum
1460 3013 1660 3071 finitum,
1690 3013 1922 3079 superare-q

0 3121 2 3131 ,
24 3116 28 3125 .
63 3093 309 3131 inuenimus
329 3117 341 3129 .

128 3152 368 3223 Postquam
395 3154 501 3206 vero
521 3155 544 3202 ὲ
562 3153 758 3202 nummis
774 3149 1031 3221 certioribus
1047 3183 1062 3208 ‚
1092 3167 1245 3221 vtpote
1274 3154 1531 3206 Tribunieia
1549 3150 1926 3269 Ροῐείὶειτὲἒίίὶῐηῖ

1786 3237 1818 3269 is
1836 3251 1853 3275 ,
