2221 3512
364 149 484 214 DE
528 143 734 211 coL·
780 138 1196 208 TRAIANI
1240 137 1439 203 CAP·
1487 140 1569 204 v·
1757 164 1882 224 127

43 283 73 316 a
175 264 424 317 subiectam
438 266 586 328 itaque
602 258 738 307 oculis
756 257 944 324 speciem
957 254 1114 306 debitae
1129 258 1338 325 iugorum
1353 251 1680 312 inclinationis}
1705 256 1837 322 atque
1854 258 1967 325 inter

105 334 288 389 scalmos
302 336 507 394 distantiae
519 331 810 403 proponimus
824 359 841 385 ‚

102 1683 178 1734 per
193 1681 324 1729 quam
339 1695 354 1719 ‚
378 1667 424 1715 in
442 1663 718 1730 longitudine
731 1667 861 1717 etiam
875 1665 1037 1713 minori
1064 1662 1202 1730 quarn
1231 1662 1417 1712 habeant
1433 1663 1668 1722 Galeaffae{
1696 1664 1746 1715 'vt
1765 1663 1923 1716 vocant
1936 1695 1953 1723 ‚

100 1742 387 1788 Venetorum,
405 1734 586 1799 (quibus
599 1736 922 1801 quinquaginta
936 1737 1035 1800 iuga
1050 1734 1286 1789 tribuit,eas
1303 1736 1494 1799 antiquis
1507 1735 1746 1783 Deceribus
1762 1739 1951 1803 aequipa—

99 1823 198 1856 rans
216 1806 261 1852 in
276 1805 396 1853 mole
413 1807 638 1856 Fui-uerius
654 1805 726 1856 lib.
744 1810 777 1853 1.
793 1805 844 1852 de
859 1809 925 1855 Re
938 1809 1061 1856 Nau.
1076 1802 1148 1851 sua
1160 1803 1390 1854 vernacula
1406 1804 1559 1870 lingui}
1575 1805 1836 1872 conscripto)
1853 1799 1953 1855 vno'

33 1934 35 1936 ¹
100 1874 223 1925 versu
247 1878 347 1923 XV.
364 1876 472 1922 remi
497 1878 542 1922 in
568 1878 603 1922 Ρ
619 1877 662 1923 G
681 1879 722 1922 Η
739 1884 819 1923 Sec.
848 1873 1067 1923 consistere
1099 1872 1272 1940 poffunt
1298 1891 1312 1930 3
1340 1893 1393 1923 eo
1422 1879 1550 1940 padio
1568 1906 1582 1931 ‚
1610 1890 1659 1924 vt
1689 1875 1766 1923 sub
1792 1889 1952 1942 quarto

0 1962 6 2000 ι
33 1952 60 1991 2
99 1962 281 2012 quoque
298 1943 442 2000 sedili,
474 1945 581 1994 alius
597 1945 776 1997 inferior
788 1964 936 1993 remex
950 1944 1003 1992 ad
1019 1943 1375 2010 perpendiculum
1393 1946 1555 1996 locetur
1571 1976 1586 2002 ,
1602 1960 1651 1995 vt
1667 1944 1859 1995 debitam
1875 1947 1953 1995 ha-

97 2015 195 2065 beat
208 2013 330 2083 supra
343 2012 386 2062 se
400 2014 675 2063 altitudinem
689 2035 703 2073 3
733 2033 833 2082 quae
848 2017 926 2063 erit
953 2014 1179 2064 dimidiato
1206 2014 1258 2062 ad
1268 2014 1355 2062 huc
1368 2013 1499 2082 pedes
1516 2016 1623 2066 vltra
1649 2029 1733 2065 tres
1751 2015 1956 2070 cubitos,¹

29 2111 32 2122 ι
98 2100 212 2153 quot
226 2103 384 2151 nempe
396 2086 568 2133 homini
586 2085 749 2134 sedenti
779 2084 971 2134 sufficere
997 2086 1237 2134 Palmerius
1255 2099 1511 2152 computat.
1541 2089 1600 2133 Et
1615 2087 1716 2134 hinc
1742 2085 1954 2136 fortasse-2

98 2155 253 2221 (quod
269 2157 371 2203 alias
387 2158 599 2223 explicatu
616 2174 709 2205 non
723 2156 780 2206 est
795 2157 850 2204 ita
867 2156 1021 2221 facile)
1040 2176 1089 2204 ex
1102 2163 1228 2204 inter-
1224 2159 1393 2224 fialmio
1409 2187 1424 2212 ,
1441 2154 1677 2206 secundum
1695 2158 1954 2205 Vitruuium

96 2226 170 2274 lib.
189 2230 222 2274 I.
237 2244 328 2292 cap.
347 2230 400 2273 ΙΙ.
427 2225 638 2275 inuenitur
654 2228 792 2300 symm
807 2234 909 2276 etriae
939 2230 1089 2282 Nauis
1102 2233 1349 2277 ratiocinatio
1380 2244 1393 2280 ς
1423 2243 1528 2275 nam
1561 2240 1611 2274 vt
1640 2225 1838 2295 amplum
1869 2225 1956 2275 hoc

98 2296 289 2346 nostrum
307 2295 665 2346 inter-scalmium
689 2301 720 2345 F
737 2300 840 2346 GH
855 2305 936 2349 &c-
962 2295 1123 2363 pedt'im
1150 2296 1313 2347 densim
1341 2306 1384 2345 &
1399 2297 1626 2344 vnciarum
1653 2299 1755 2345 οᾶο
1773 2326 1789 2352 ,
1818 2294 1956 2344 deno-

0 2372 6 2425 }
33 2371 56 2421 ,ἓ
101 2380 164 2414 tat
178 2368 349 2416 Nauim
366 2365 445 2415 esse
460 2366 799 2426 Sedeciremem3
817 2370 875 2415 ita
893 2384 946 2414 eo
959 2369 1216 2423 imminute,
1230 2376 1275 2416 δε
1291 2365 1606 2431 consequenter
1623 2366 1674 2413 ad
1690 2365 1836 2415 minus
1854 2368 1955 2415 acu-¹

104 2450 201 2484 tum
216 2437 425 2501 angulum
441 2438 562 2484 elatis
579 2437 777 2486 sedilibus
792 2469 806 2494 ,
823 2455 1053 2503 arguemus
1071 2438 1124 2487 ad
1141 2440 1361 2487 minorem
1387 2454 1623 2487 numerum
1640 2436 1847 2487 ordinum
1862 2467 1878 2494 ,
1909 2444 1955 2487 δε

104 2506 288 2574 proinde
302 2510 518 2554 minorem
533 2507 659 2572 ipsius
679 2510 856 2574 Nauigij
873 2508 1222 2574 magnitudinem
1239 2542 1250 2558 2

176 2578 276 2624 Scio
292 2583 336 2623 &
349 2575 432 2622 hoc
446 2593 752 2645 argumentum
778 2579 830 2625 ad
845 2577 965 2626 suam
991 2579 1267 2647 hypothesim
1286 2578 1542 2644 pluralitatis
1560 2575 1790 2634 ordinum,
1807 2593 1858 2623 ex
1873 2592 1954 2625 nu-

102 2644 228 2697 'mcro
239 2646 476 2695 sedentium
491 2647 541 2694 ad
559 2647 707 2699 eadem
721 2648 896 2697 transtra
911 2680 924 2704 ‚
954 2648 1117 2697 traxiffe
1135 2651 1377 2703 Nicolaum
1397 2648 1630 2701 VVitfium
1643 2645 1695 2694 de
1719 2649 1841 2698 Nau.
1864 2649 1954 2694 Re-

104 2718 210 2782 gim·
230 2734 318 2782 par·
335 2721 369 2767 I.
388 2720 548 2781 cap-11.
565 2718 642 2765 fol.
666 2736 736 2771 12·
756 2717 829 2785 fig.
843 2723 874 2766 Ι.
895 2717 1032 2775 sedis,
1049 2737 1127 2767 nec
1141 2721 1259 2787 praxi
1275 2750 1289 2775 ‚
1303 2721 1370 2768 cui
1388 2718 1577 2768 maxime
1593 2732 1709 2765 totus
1724 2719 1815 2764 eius
1829 2716 1953 2774 liber,

0 2808 7 2843 ι
41 2792 70 2825 <3
103 2786 150 2835 in
170 2785 249 2834 hac
264 2805 307 2838 ,rc
321 2787 658 2839 accuratiffimus
674 2819 687 2843 a
704 2788 880 2837 inseruit
892 2820 908 2844 ‚
933 2790 1122 2838 mediam
1139 2793 1262 2840 illam
1287 2790 1411 2841 suam
1426 2789 1684 2838 sententiam
1701 2804 1954 2835 accommo-

105 2854 222 2906 dabit
238 2875 251 2913 3
267 2874 344 2903 nec
374 2857 465 2906 vllo
482 2859 748 2923 antiquitatis
777 2859 1043 2910 adminiculo
1058 2860 1231 2912 adstruit
1247 2878 1262 2909 ι
1293 2859 1385 2909 imo
1412 2879 1491 2911 nec
1507 2859 1583 2906 fibi
1598 2857 1763 2907 constat
1775 2889 1790 2914 ‚
1817 2856 1951 2907 dum-³

106 2927 234 2976 aliam
260 2926 468 2977 diuersam
483 2958 497 2981 ,
524 2927 765 2995 pariterque
781 2946 944 2977 nouam
971 2933 1183 2981 rationem
1202 2930 1573 2984 comminiscitur,
1591 2927 1679 2995 qud
1696 2929 1838 2994 plures
1856 2943 1951 2974 tan-

107 2994 203 3045 dem
220 3002 238 3062 ζ
255 2996 322 3047 sed
337 2997 598 3053 commode,
618 3014 667 3045 vt
684 3000 742 3046 ait
754 3031 768 3054 ,
785 3016 878 3047 non
894 3000 1001 3048 vltra
1015 3016 1097 3050 tres
1113 3006 1133 3064 )
1160 3019 1383 3051 remorum
1406 2999 1576 3050 ordines
1603 3002 1649 3047 in
1675 2999 1813 3046 altum
1830 2998 1952 3045 datos

105 3067 335 3132 agnoscens
351 3099 365 3123 ‚
394 3086 447 3117 ex
471 3067 519 3130 ijs
544 3086 628 3134 prat
641 3086 824 3120 numero
837 3070 1130 3138 multiplicato
1142 3074 1361 3139 remigum
1377 3071 1430 3123 ad
1453 3073 1565 3123 latus
1580 3101 1595 3129 2
1612 3069 1784 3120 ordines
1802 3066 1951 3115 multi-

101 3135 255 3208 plicat,
274 3153 320 3189 vt
333 3140 379 3189 in
398 3137 603 3207 Append.

1645 3213 1877 3269 Qatenus
