2221 3512
344 208 434 295 64·
603 201 1241 271 RAPHAELIS
1310 198 1874 267 FABRETTI

258 333 404 386 suum,
414 314 554 373 nescio
570 339 624 369 an
638 321 889 386 magistrum
905 339 960 370 an
971 323 1256 373 aduersarium
1266 357 1280 382 ‚
1294 318 1480 375 obelisco
1494 329 1728 392 iugularem
1742 323 1871 392 plane
1883 318 2100 389 negando,
2139 329 2172 388 ξ

260 393 514 453 huiusmodi
530 392 845 442 distineiionern
860 410 910 439 ex
922 394 1174 442 authoribus
1190 396 1256 444 vel
1273 413 1325 443 ex
1338 415 1552 445 marmore
1567 399 1661 444 elici
1678 433 1688 445 .
1702 394 1862 460 Qoad
1877 397 2097 449 authores,

259 465 493 522 dicendum
509 464 566 512 est
581 481 680 510 eum
698 462 879 508 minime
893 462 1039 512 vidifl‘e
1055 465 1357 513 Alexandrum
1373 469 1720 532 Neapolitanum
1747 467 1820 514 lib.
1838 470 1889 512 Il.
1908 480 2001 529 cap.
2016 464 2098 529 1V2

260 541 386 593 Dier.
404 533 573 583 Genial·
591 531 662 580 vbi
678 533 766 578 haec
779 532 893 587 sunt,
906 531 1268 599 consueuffetiam
1276 535 1449 601 singulas
1462 554 1632 592 turmas,
1648 538 1886 602 manipulos,
1899 532 2091 584 &cohor-

261 632 332 663 tes,
349 627 393 654 ac
407 606 583 668 legiones,
594 610 799 667 proprium
814 603 1017 650 vexillum
1030 613 1089 655 (9⁴
1104 606 1275 653 militare
1289 605 1448 670 signum
1466 604 1742 671 haberavulgb
1750 604 1950 671 proditum
1967 604 2090 666 est,vt

260 688 375 730 cuius
391 673 478 738 effet
492 674 650 738 legionis
667 671 835 738 quisque
855 673 989 727 miles,
1005 672 1153 739 &sub
1168 693 1240 739 quo
1261 673 1360 722 duce
1386 677 1578 723 militaret
1592 708 1606 731 ,
1615 675 1749 741 filcile*
1779 674 2090 741 dignoscerem&

260 769 306 799 „e
323 743 412 811 sine1
417 741 564 809 Agnis,
582 741 668 807 fine}
683 746 843 806 imperio
857 771 871 795 ³
885 740 1099 789 inordinati
1115 752 1173 794 (9⁴
1189 743 1419 809 incomposttt'
1432 743 1663 792 ducerentur
1677 774 1692 799 ‚
1706 743 1778 811 sed
1793 740 1995 808 conspicua
2010 759 2093 788 om·
2139 748 2168 797 fi

263 818 381 869 „ibus
400 811 656 879 fignaforent
674 843 686 856 .
714 809 847 874 quue
865 814 1053 859 omnino
1072 830 1123 858 ex
1138 825 1285 858 mente
1299 812 1426 878 ipfius
1444 814 1610 879 Vegetij
1629 813 1710 870 est,
1733 813 1928 879 quidum
1944 812 2095 877 proui-
2159 812 2167 815 ⁴

260 889 362 939 sum
372 882 498 931 refert
511 880 585 929 lib.
605 885 656 928 II.
677 898 768 946 cap.
784 882 903 927 XIII.
925 913 941 937 ,
965 880 1086 946 quod
1112 880 1279 947 fingulis
1296 889 1476 948 centurijs
1489 914 1503 937 ‚
1528 883 1680 950 fingula
1695 885 1854 932 vexilla
1882 886 2096 948 constituta

248 958 333 1025 sim
347 988 363 1013 ,
383 956 489 1001 itaut
504 969 553 998 ex
569 954 651 1017 qud
661 950 822 1003 cohorte,
842 951 916 996 vel
929 956 1051 1017 quoti
1079 951 1163 1016 effit
1179 960 1359 999 centuria
1386 961 1428 1000 in
1445 953 1513 1000 t'llo
1530 954 1678 1000 vexillo
1692 956 1817 1000 literis
1843 952 1929 1017 effic
1945 949 2096 1016 adfiri-

260 1043 378 1093 ptum
396 1052 412 1077 2
426 1019 531 1088 quod
546 1037 741 1067 intuentes
758 1019 905 1067 milites
921 1055 936 1079 ,
948 1027 989 1067 in
1006 1029 1217 1087 quantouis
1240 1024 1422 1069 tumultu
1437 1020 1904 1086 &contubernalibus-fiais
1918 1020 2095 1068 aberrare

262 1115 339 1144 non
351 1094 526 1160 poffint3
552 1089 642 1135 imo
665 1088 718 1135 ad
732 1086 815 1135 hoc
831 1103 879 1135 vt
893 1090 1048 1144 milites
1070 1107 1162 1137 non
1175 1088 1315 1137 solum
1340 1089 1412 1137 sua
1428 1093 1592 1157 quique
1620 1091 1734 1155 signa
1753 1122 1768 1146 ,
1793 1091 1948 1138 verum
1963 1093 2097 1137 etiam

258 1164 357 1214 suos
383 1158 710 1210 contubernales
737 1157 792 1205 ab
807 1158 896 1220 alijs
911 1158 1217 1225 distinguerent
1236 1195 1248 1218 ‚
1263 1160 1433 1208 diuersis
1460 1161 1710 1208 cohortibus
1727 1159 1891 1208 diuersa
1909 1163 1955 1206 in
1969 1158 2099 1207 scutis
2133 1185 2165 1217 ρ
2218 1216 2219 1224 ¹

257 1235 376 1301 figna
392 1229 630 1296 pingebant
651 1258 666 1283 2
695 1241 742 1275 vt
767 1227 841 1293 ipfi
869 1230 1101 1276 nominant
1127 1229 1334 1282 ὣείγμαῇι
1356 1261 1371 1286 ,
1396 1228 1457 1276 sat
1476 1230 1704 1296 conspicua
1733 1239 1776 1278 &
1805 1229 2019 1276 elaborata
2048 1229 2095 1275 in

253 1319 474 1353 marmore
491 1330 506 1355 ,
532 1296 602 1346 sed
622 1300 664 1344 in
683 1298 881 1364 exemplo
898 1297 1070 1364 penitus
1096 1317 1142 1345 ac
1160 1300 1341 1363 peflime
1358 1299 1561 1349 confusa:
1593 1301 1734 1348 multo
1763 1301 1902 1365 magis
1918 1297 2096 1346 necefl'a-

253 1375 370 1424 rium
386 1367 577 1424 eredidit,
592 1367 711 1433 quod
723 1370 799 1431 qui
819 1368 935 1433 ligna
947 1366 1026 1416 suae
1042 1369 1229 1416 cohortis
1243 1367 1490 1435 dignoscere
1505 1370 1719 1418 debebant
1732 1402 1746 1425 ,
1761 1371 1945 1436 propriae
1962 1371 2096 1432 legio-

253 1445 321 1492 nis
336 1441 526 1507 aquilam
549 1455 639 1486 non
655 1436 783 1485 cfl‘ent
809 1441 918 1485 inter
934 1439 1034 1485 alias
1050 1439 1317 1503 ignoraturi,
1346 1438 1417 1486 sed
1434 1456 1647 1506 tanquam
1672 1442 1802 1487 nimis
1817 1458 1867 1485 ex
1883 1440 1920 1485 se
1935 1453 2097 1485 notum

253 1511 420 1560 omisit.
450 1512 576 1557 Patet
601 1508 773 1572 insuper
797 1507 885 1554 haec
910 1509 1150 1571 aquilarum
1178 1507 1390 1557 distinctio
1404 1510 1588 1570 varijsin
1603 1508 1938 1557 numismatibus
1954 1525 2094 1572 ,quo-

250 1601 349 1631 rum
362 1581 507 1645 aliqua
518 1578 645 1625 nobis
659 1576 862 1624 exhibent
875 1578 1066 1641 aquilam
1080 1578 1316 1644 simplicem
1331 1578 1489 1644 absque
1506 1581 1771 1627 ornamentis
1782 1610 1795 1633 ‚
1806 1581 1886 1625 alia
1901 1579 2093 1642 aquilam
2133 1582 2168 1634 η’

250 1670 354 1700 eum
370 1650 570 1701 fulmine,
586 1647 665 1693 alia
681 1663 782 1694 cum
799 1647 961 1712 clypeis
983 1655 1025 1694 &
1046 1647 1307 1711 imaginibus
1324 1667 1337 1704 3
1358 1657 1400 1697 ὃ(
1418 1655 1551 1716 inagis
1565 1648 1616 1697 ad
1630 1668 1721 1697 rem
1737 1648 1925 1696 nostram
1940 1678 1954 1703 ,
1970 1647 2095 1693 binas
2163 1642 2169 1648 ⁶

255 1721 421 1787 aquilas
447 1715 633 1765 eiusdem
660 1723 863 1764 exercitus
884 1718 1003 1763 vario
1017 1720 1129 1764 inter
1145 1715 1186 1763 se
1210 1733 1363 1765 ornatu
1381 1727 1637 1783 representat
1650 1736 1762 1767 vnus
1778 1727 1820 1766 &
1837 1717 1952 1763 idem
1968 1734 2100 1764 num-

249 1807 349 1842 mus
362 1787 570 1837 Hadriani
587 1785 701 1852 apud
716 1786 957 1832 Choulium
973 1785 1049 1833 fol.
1073 1797 1149 1833 26.
1179 1787 1286 1850 Qo
1305 1788 1407 1835 vero
1423 1787 1474 1834 acl
1490 1790 1573 1836 hoc
1589 1788 1782 1835 nostrum
1798 1804 1990 1834 marmor
2007 1789 2097 1833 Co-

249 1861 438 1913 lumnae,
458 1854 591 1922 ipsam
611 1857 880 1905 intuentium
908 1854 1037 1903 fidem
1070 1856 1259 1903 obtestor
1272 1892 1285 1915 ,
1317 1857 1452 1921 quam
1474 1857 1702 1922 perfidiose
1718 1862 1762 1905 in
1789 1857 1871 1902 hoc
1893 1857 2096 1902 Ciacono

250 1928 498 1979 detrahatur
515 1958 529 1982 ,
546 1925 645 1972 curn
661 1927 807 1973 coram
823 1934 866 1973 ὃ(
883 1941 1033 1989 parum
1049 1926 1166 1972 elatis
1179 1927 1312 1974 oculis
1328 1928 1451 1974 liceat
1466 1926 1671 1993 inspicere
1685 1929 1875 1993 primum
1892 1923 2092 1985 Danubii

246 1999 474 2049 transitum
490 2000 534 2044 in
549 1994 700 2043 infima
716 1995 826 2061 spira
852 1994 1156 2050 meridionali,
1181 2005 1224 2044 &
1242 1998 1406 2061 aquilas
1434 1997 1621 2056 illas49.
1648 2014 1749 2053 52.,
1767 1994 1970 2058 binasque
1995 1993 2093 2059 post
2136 1987 2164 2038 ε’

249 2070 423 2136 signum
435 2068 623 2116 vietoriae
638 2064 861 2131 sequentes
878 2096 892 2119 ,
918 2064 1015 2112 satis
1033 2069 1143 2112 inter
1158 2064 1198 2112 se
1213 2065 1395 2114 diuersas
1411 2067 1696 2131 contemplari
1711 2088 1721 2117 ‚·
1751 2065 1797 2113 ni
1810 2083 1890 2130 pro
1906 2065 2091 2112 nostrate

252 2139 446 2188 dicamus
464 2167 479 2192 a
501 2134 644 2202 ipsum
662 2151 708 2185 vt
724 2134 843 2183 suam
869 2133 920 2181 de
932 2133 1092 2181 laterna
1109 2152 1231 2182 num.
1255 2150 1329 2193 50.
1355 2146 1398 2183 ὅζ
1412 2137 1621 2184 ῃοᾶυῐηὲ
1639 2138 1889 2184 ῖτειίεέὶίοηε
1902 2166 1916 2188 ,
1933 2133 1984 2181 de
2001 2133 2094 2199 qua.

249 2227 357 2258 mox
374 2208 527 2272 loquar
539 2236 553 2260 ,
569 2207 830 2270 opinionem
847 2203 1016 2259 firmet,
1033 2203 1109 2251 sub
1126 2206 1316 2270 maligna
1333 2206 1413 2252 hnic
1427 2207 1520 2253 luce
1538 2206 1856 2253 distintstionem
1873 2205 2093 2268 signorum

250 2277 486 2328 discernere
501 2274 723 2340 nequiffe3
752 2291 857 2321 nam
880 2274 981 2320 alibi
1004 2276 1048 2321 in
1079 2274 1268 2322 asterisco
1291 2294 1411 2323 num.
1441 2294 1549 2336 259.
1577 2278 1664 2323 eius
1692 2276 1812 2340 quod
1835 2274 1903 2322 hic
1931 2273 2094 2320 dixerat

253 2348 419 2415 oblitus
430 2377 445 2401 >
471 2347 599 2411 plane
613 2344 776 2411 aquilas
791 2345 883 2391 illas
905 2346 1016 2391 inter
1030 2342 1069 2391 se
1084 2343 1250 2392 differre
1265 2344 1416 2392 fatetur
1428 2379 1439 2390 .

318 2421 577 2481 Perpetuam
601 2414 736 2462 ferme
757 2413 867 2461 hanc
889 2415 999 2461 inter
1014 2416 1178 2478 aquilas
1205 2413 1488 2462 differentiam
1504 2447 1517 2467 ,
1545 2411 1776 2479 aliquando
1804 2414 1849 2459 in
1867 2410 2092 2460 Columna
2139 2435 2161 2462 ις

249 2486 461 2536 sublatam
482 2489 501 2546 (
515 2485 612 2532 licet
629 2501 720 2532 non
735 2482 859 2532 simul
875 2484 921 2530 in
937 2483 1180 2546 omnibus)
1197 2485 1326 2531 video
1339 2515 1352 2539 ‚
1370 2484 1451 2531 hoc
1468 2484 1581 2532 estin
1595 2488 1725 2531 ternis
1739 2514 1753 2538 ‚
1767 2500 1858 2529 non
1876 2482 2089 2548 amplius,

254 2558 414 2622 aquilis
427 2571 562 2622 prope
577 2556 814 2602 Traianum
829 2555 1061 2600 exercitum
1078 2553 1340 2608 lustrantem,
1357 2557 1505 2601 tamin
1518 2557 1662 2619 primo
1677 2553 1953 2601 suouetaurili
1969 2569 2091 2598 num.

250 2638 335 2692 Ι76.
351 2656 360 2671 ,
371 2623 506 2689 quam
522 2626 567 2670 in
585 2623 772 2670 secundo
786 2641 909 2672 num·
936 2641 951 2670 1
966 2623 1041 2688 87.
1056 2653 1068 2677 ,
1085 2632 1127 2670 δέ
1143 2627 1188 2669 in
1202 2624 1384 2671 totidem
1399 2638 1498 2671 ante
1516 2625 1782 2671 Decebalum
1797 2624 1841 2669 in
1857 2622 2095 2668 amicitiam

251 2709 473 2758 receptum
489 2712 611 2742 num.
634 2712 662 2743 2.
673 2711 746 2742 20.
765 2698 784 2756 (
797 2692 918 2758 quod
934 2695 980 2740 in
995 2693 1302 2741 recentioribus
1317 2693 1469 2740 chartis
1485 2711 1541 2741 ne
1558 2709 1720 2758 quaeras
1731 2723 1744 2746 ,
1763 2693 1837 2740 vbi
1849 2708 1902 2736 ne
1915 2688 2094 2754 quidem

249 2766 478 2829 legionum
494 2764 612 2830 figna
627 2762 883 2827 dignoscas)
913 2761 1122 2812 fimilibus
1148 2765 1335 2810 omnino
1362 2761 1627 2828 imaginibus
1642 2794 1657 2818 ‚
1679 2763 1836 2824 clypeis
1852 2790 1866 2813 ,
1894 2768 1937 2806 Sc
1953 2759 2091 2807 titulis

251 2833 490 2883 instructis:
519 2851 616 2899 quae
641 2848 787 2881 tamen
803 2832 1024 2899 signorum
1054 2831 1248 2881 confusio
1274 2830 1326 2878 de
1354 2830 1558 2879 industria
1587 2821 1767 2898 exprimi
1788 2830 1933 2893 potuit
1950 2860 1963 2881 ,
1987 2830 2092 2893 quia
2127 2847 2157 2875 e
2180 2871 2181 2878 ,

251 2903 623 2960 suouetaurilibus,
637 2916 846 2968 tanquam
858 2906 967 2950 intra
979 2902 1118 2950 Castra
1133 2905 1368 2966 peractis&
1383 2899 1507 2948 finito
1523 2903 1611 2949 iam
1628 2901 1824 2954 Bello,in
1839 2897 2087 2963 prostratio-

251 2991 308 3022 ne
321 2972 528 3022 Decebali
546 3004 561 3027 ,
581 2971 910 3038 legionibusque
934 2970 987 3018 ad
1008 2988 1220 3036 pompam
1244 2979 1288 3018 &
1305 2971 1563 3019 maiestatem
1588 2973 1746 3017 circum
1757 2966 1953 3014 stantibus
1969 2998 1982 3022 ,
2006 2984 2088 3031 po-

248 3055 425 3093 tuerunt
438 3042 590 3106 aquilae
606 3041 751 3101 ijsdem
767 3042 935 3108 prorsus
951 3043 1214 3088 ornamentis
1228 3042 1366 3105 plures
1379 3039 1565 3088 decorari
1576 3041 1698 3095 ,cur-n
1713 3036 1937 3086 tuncnihil
1954 3037 2087 3083 inter-

253 3112 352 3161 esset
367 3146 382 3170 ‚
396 3125 445 3158 vt
466 3111 625 3158 milites
639 3110 757 3160 suam
781 3112 971 3178 aquilam
990 3111 1064 3172 (id
1077 3110 1197 3177 quod
1215 3114 1429 3160 Ciaconus
1445 3109 1723 3159 confiderauit
1739 3110 1754 3172 >
1771 3107 1823 3155 ab
1839 3107 1926 3170 alijs
1942 3104 2091 3154 distin-

251 3178 684 3254 }AEffraasmsccrrnt·
1331 3176 1336 3177 ’

1953 3247 2025 3292 De
