2221 3512
92 229 203 286 quod
218 229 296 272 alia
315 227 451 271 similia
470 227 700 273 simulachra
712 229 751 271 in
764 222 854 271 aere
867 223 1109 272 consistentia
1125 257 1137 276 ‚
1151 230 1498 274 circumambiente
1517 231 1660 274 sericeo
1675 235 1737 275 vel
1754 248 1949 290 purpureo

92 302 239 344 panno,
251 289 290 327 in
316 285 493 342 processu
512 288 628 330 huius
650 289 857 329 Columnae
872 301 1084 330 cernuntur
1108 305 1118 327 ε
1137 292 1174 329 &
1197 288 1285 329 ciim
1304 287 1366 329 hic
1383 291 1477 335 viri,
1494 290 1585 330 alibi
1604 290 1701 332 senis
1718 318 1728 335 ,
1745 296 1782 334 &
1799 295 1949 334 iuuenis

85 346 214 389 forma
224 343 488 389 describantur
514 345 707 398 triplicem
722 345 825 386 Solis
843 346 984 386 statum
999 373 1012 391 ,
1028 348 1190 388 orientis
1201 372 1213 391 ‚
1228 347 1518 401 progredientis
1534 372 1546 392 a
1558 350 1596 389 δι
1613 350 1846 395 occidentis,
1861 350 1947 391 hie·
1999 394 2005 399 ,

89 402 327 458 roglyphice
345 403 498 457 antiqui
513 401 728 456 fignificare
738 415 952 456 potuerunt
963 432 972 441 .

43 465 62 491 Ι*
117 461 157 502 Si
180 462 201 501 e*
225 470 376 501 corretto
390 459 540 499 l'errore
552 461 703 500 tenendo
717 458 756 499 la
781 473 890 498 mano
912 459 1035 513 chiusa
1051 486 1062 505 ‚
1081 460 1294 516 aggiunteui
1308 462 1476 514 l’acque,
1492 463 1553 501 che
1574 463 1900 518 ondeggianosbtto
1916 463 1943 502 il

78 528 204 576 petto.
234 520 288 559 M
291 517 316 556 d
331 516 416 569 bst'a
429 516 538 556 Gioue
551 515 595 562 ,ὂ
609 516 712 558 altra
728 515 854 561 Demi,
867 528 962 557 certo
974 519 992 557 ἐ
1009 516 1070 557 che
1081 519 1258 559 combatte
1273 529 1391 557 contro
1405 519 1504 558 Daci
1517 545 1528 564 ‚
1542 520 1781 574 impugnando
1792 518 1941 570 l’hasta‚

84 575 126 621 Ia
137 574 248 631 quale
262 588 332 615 non
349 575 368 615 ἒ
386 571 522 628 espreff’
511 590 535 615 a
553 574 591 613 in
605 572 728 629 questa
733 576 865 629 figura
883 601 896 619 ,
908 578 1114 615 mam-ando
1127 591 1262 616 ancora
1275 575 1290 614 l
1293 575 1400 616 'altre
1412 574 1510 625 haste
1523 577 1726 618 de'Soldati
1739 579 1775 617 in
1786 588 1883 619 tutta
1899 579 1938 618 la

84 634 243 675 Colonna
254 659 268 679 ‚
279 644 346 686 per
360 631 586 687 lafragilita*
600 658 612 677 ‚
625 646 644 672 e
657 632 684 670 d
683 629 829 683 ffcoltai
844 631 1056 684 distolpirle
1070 634 1130 672 nel
1141 649 1284 674 marmo
1299 662 1308 672 .

40 704 114 746 334
141 692 262 747 Signa
274 690 399 731 Dacis
415 691 454 730 in
470 690 580 730 bello
595 689 704 730 fuere
718 690 957 734 Labarus,&
975 691 1123 735 Draco,
1135 691 1198 733 sed
1214 690 1521 746 qui,fi1mmitate
1534 692 1655 743 caude
1671 695 1709 733 δε
1725 694 1848 746 pinnis
1866 707 1935 748 per

79 760 224 805 corpus
239 747 371 803 sparfis
382 774 394 792 ,
410 747 535 802 magis
552 745 697 802 piscem
713 749 901 802 aliquem,
915 746 1034 802 quam
1048 749 1258 790 draconem
1272 748 1432 790 referret
1449 777 1457 787 .
1487 747 1608 789 Arma
1624 762 1753 789 autem
1765 776 1775 793 ,
1790 751 1936 804 quibus

81 808 122 849 in
137 807 214 849 hoc
231 806 444 847 certamine
458 804 511 846 vfi
526 831 539 850 ‚
557 805 710 860 clypei,
726 805 845 859 gladii
862 831 874 849 ‚
888 807 925 845 δε
939 819 1050 847 arcus
1065 805 1174 847 fuere
1190 823 1198 849 ;
1216 808 1356 847 thorax
1368 806 1497 848 nullus
1510 832 1521 849 ‚
1538 819 1668 860 neque
1683 807 1793 859 galea
1807 822 1816 849 3
1834 810 1937 848 tuni-

82 878 136 906 cae
147 861 304 906 smuosae
317 888 330 907 ‚
345 862 438 903 licet
451 861 649 903 succinftae
663 889 675 906 ,
699 876 785 917 quae
800 862 960 904 brachia
971 876 1164 918 tegerent,
1180 863 1291 918 supra
1307 878 1410 918 quas
1419 864 1561 904 vestem
1577 863 1692 904 aliam
1707 864 1937 911 induebant,

79 923 264 977 vti-inque
279 920 519 975 pendentem
534 946 547 965 ‚
570 923 608 962 &
625 920 674 961 ad
688 919 876 962 humeros
891 920 1047 962 duobus
1064 920 1194 962 fibulis
1209 935 1426 962 connexam
1444 947 1456 964 ‚
1472 924 1510 961 &
1527 919 1646 975 vsque
1661 921 1711 961 ad
1724 933 1851 974 genua
1865 923 1935 963 de-

79 976 228 1021 mi'fl'am
242 993 254 1023 5
270 992 350 1020 non
367 977 584 1019 dissimilem
597 978 643 1028 ijs
656 1004 668 1023 ‚
697 991 795 1033 quas
813 978 1003 1018 Monachi
1017 978 1127 1034 supra
1143 982 1313 1021 tunicam
1327 980 1474 1033 gestare
1489 977 1614 1019 solent
1627 1004 1639 1022 ‚
1667 978 1692 1019 fi
1707 980 1934 1032 caputium..

80 1038 217 1078 demas
230 1063 242 1082 ,
258 1050 355 1092 quas
371 1037 458 1076 Itali
476 1036 683 1090 patientias
698 1061 710 1080 ‚
726 1034 884 1089 Hispani
899 1034 1108 1089 scapularia
1121 1051 1281 1081 vocant;
1300 1037 1366 1078 nisi
1382 1034 1493 1092 quod
1508 1036 1708 1077 Dacorum
1727 1037 1929 1092 aliquanto

77 1096 126 1147 ijs
139 1095 343 1136 breuiores
360 1106 470 1134 erant
482 1093 696 1134 &latiores
711 1121 720 1130 .
749 1094 916 1134 Romani
932 1093 1027 1135 vcro
1043 1095 1186 1135 milites
1201 1095 1434 1149 expeditiori
1452 1093 1603 1138 habitu,
1619 1097 1658 1135 δε
1676 1095 1790 1134 armis
1807 1095 1846 1134 in
1858 1110 1933 1149 pu-

76 1165 154 1209 gna
167 1151 506 1194 commodioribus
525 1150 734 1192 vtebantur
748 1177 761 1197 2
786 1151 932 1206 quibus
948 1154 986 1192 δι
1001 1152 1130 1194 hostes
1145 1151 1270 1194 acrius
1288 1150 1490 1193 offendere
1503 1177 1515 1196 ‚
1533 1153 1573 1193 δι
1590 1149 1710 1193 tutius
1734 1149 1772 1192 se
1788 1150 1837 1192 ab
1851 1153 1929 1193 illis

76 1211 179 1252 tueri
199 1221 380 1265 poterant
395 1237 405 1247 .

35 1276 47 1310 Ι
55 1280 103 1322 35
138 1269 336 1322 Ingenuus
351 1270 423 1317 (vt
438 1268 625 1320 apparet)
643 1270 680 1307 &
695 1266 859 1321 pulcher
874 1265 1099 1309 adolescens
1111 1270 1247 1310 Dacus
1261 1293 1273 1312 a
1290 1269 1329 1308 in
1345 1267 1422 1309 hoc
1435 1268 1569 1320 praelio
1585 1265 1734 1306 strenue
1751 1280 1927 1322 pugnans

77 1326 267 1369 occubuit
280 1354 291 1364 .
326 1324 451 1366 Cuius
470 1324 637 1365 cadauer
651 1337 698 1364 ex
712 1325 795 1365 acie
812 1338 965 1379 raptum
980 1351 992 1370 ,
1010 1324 1031 1365 a
1049 1325 1122 1367 suis
1140 1328 1179 1367 in
1196 1326 1312 1366 castra
1326 1351 1338 1369 ,
1357 1325 1417 1365 vel
1434 1337 1560 1365 tutum
1578 1322 1750 1376 aliquem
1768 1324 1900 1365 locum
1915 1352 1928 1371 ‚

75 1395 200 1438 rogo,
216 1396 283 1424 aut
307 1380 514 1436 sepulchro
528 1407 540 1426 2
554 1383 660 1424 iuxta
677 1384 842 1436 propria:
858 1384 985 1436 gentis
1002 1385 1140 1429 ritum,
1165 1383 1398 1425 tradendum
1413 1409 1425 1429 ,
1440 1383 1612 1423 maximo
1626 1392 1716 1420 cum
1731 1394 1927 1424 moerore:

72 1441 282 1483 deducitur
295 1470 305 1480 .

34 1503 45 1530 ἓ
104 1504 219 1542 Entro
225 1497 280 1553 gli
292 1495 774 1553 alloggiamentisiveggono
780 1498 962 1551 piramidi
973 1498 998 1537 d
1012 1498 1083 1537 due
1092 1525 1103 1543 ,
1117 1497 1142 1536 ἂ
1153 1499 1224 1538 due
1233 1496 1451 1551 profimdate
1465 1498 1593 1537 dentro
1606 1509 1713 1536 mura
1725 1496 1926 1550 quadran,

73 1556 137 1598 che
151 1557 170 1596 ἒ
183 1555 364 1605 probabile
367 1553 468 1606 steno
479 1554 512 1595 le
516 1555 706 1608 fipulture
720 1555 765 1595 de
777 1556 790 1596 i
805 1556 904 1596 Daci
918 1556 1030 1597 morti
1042 1555 1081 1593 in
1090 1571 1230 1610 guerra
1250 1585 1258 1594 .
1289 1556 1457 1595 Traiano
1471 1554 1584 1605 dficoi
1595 1551 1734 1602 astitui
1745 1569 1810 1594 are
1827 1584 1837 1594 .

33 1621 100 1668 :36
131 1615 319 1655 Traianus
334 1613 561 1666 Augustus,
587 1615 657 1669 qui
672 1613 779 1655 fimul
805 1628 895 1654 cum
910 1615 1035 1655 Lucio
1052 1613 1238 1655 Praefecto
1254 1613 1345 1653 huic
1361 1614 1564 1654 certamini
1581 1611 1758 1652 interfuit
1772 1638 1784 1655 ‚
1810 1611 1928 1652 hosti-

72 1673 146 1714 bus
159 1669 399 1726 superatis‚&
411 1670 459 1710 ad
478 1672 789 1713 internecionem
801 1671 901 1713 caefis
918 1697 930 1716 ‚
947 1672 1064 1713 castra
1078 1671 1237 1713 illorum
1252 1672 1406 1712 inuadit
1422 1687 1430 1710 ε
1445 1681 1637 1725 occupata
1652 1694 1664 1713 >
1677 1671 1851 1724 praecipit
1865 1669 1926 1710 di-

71 1730 146 1784 ripi
161 1755 175 1775 ,
187 1732 226 1770 &
242 1727 264 1768 εὶ
281 1730 461 1770 Romano
476 1729 600 1770 milite
616 1728 797 1770 succendi
815 1758 826 1769 .

31 1801 96 1842 :37
127 1789 172 1828 Iu
183 1786 414 1827 editioribus
430 1786 637 1827 castrorum
654 1788 848 1828 hostilium
863 1787 962 1828 locis
976 1813 988 1832 ‚
1003 1787 1107 1842 figna
1124 1786 1329 1828 Dacorum
1341 1788 1495 1829 labarus
1514 1789 1552 1828 &
1569 1786 1702 1830 draco,
1715 1785 1850 1839 praelio
1865 1786 1926 1826 in-

67 1858 258 1900 tercepta,
275 1845 476 1898 eriguntur
490 1870 501 1888 2
517 1844 709 1900 fimulque
723 1845 889 1886 hostium
904 1844 1157 1898 insigniorum
1172 1846 1300 1899 capita
1316 1845 1431 1886 hastis
1446 1842 1556 1885 affixa
1572 1843 1831 1886 collocantur,
1842 1841 1926 1896 quo
1976 1894 1980 1898 .

66 1907 106 1946 ὃ(
122 1915 249 1945 terror
263 1901 426 1956 reliquis
444 1902 686 1945 incuteretur
699 1929 715 1948 2
726 1906 764 1944 δε
780 1904 962 1944 Romano
979 1903 1094 1943 militi
1109 1903 1209 1943 vires
1227 1906 1265 1944 &
1281 1904 1432 1944 animus
1446 1900 1709 1943 accrescerent
1723 1926 1735 1945 ,
1759 1900 1836 1940 hoc
1853 1913 1925 1941 ceu

66 1961 245 2015 trophaeo
260 1958 468 2013 conspec‘to
484 1989 492 1997 .

30 2033 35 2060 t
42 2021 94 2072 38
129 2019 230 2059 Daci
247 2043 257 2062 ,
281 2018 350 2072 qui
374 2016 395 2056 ὲ
413 2030 545 2072 pugna
559 2017 827 2074 superfuerant
844 2046 856 2065 2
876 2018 971 2073 fuga
987 2017 1057 2060 fibi
1074 2018 1322 2061 consulentes
1337 2044 1349 2062 ‚
1374 2018 1413 2058 in
1427 2017 1553 2072 syluas
1570 2045 1582 2063 ‚
1610 2016 1747 2056 &loca
1764 2026 1846 2055 tuta
1862 2013 1923 2056 sc.)

66 2075 217 2116 abdunt
232 2102 243 2113 .

29 2147 94 2187 :39
126 2134 327 2174 Romanus
345 2133 455 2173 miles
471 2135 521 2174 de
535 2135 635 2174 victo
644 2136 696 2175 ria
712 2134 822 2175 laetus
839 2161 851 2178 ,
868 2135 997 2176 hostes
1019 2133 1285 2189 insequendos
1309 2146 1414 2174 ratus
1429 2158 1441 2175 ‚
1470 2129 1629 2172 vlteriiis
1645 2128 1895 2183 progreditur
1908 2155 1921 2174 ‚

64 2190 228 2232 Tibisco
247 2203 360 2231 amne
375 2217 386 2234 2
405 2192 574 2231 mediam
590 2193 754 2232 Daciam
771 2192 954 2232 abluente
969 2217 981 2235 ,
998 2205 1149 2232 tranato
1165 2217 1175 2235 ‚
1189 2194 1258 2246 qui
1274 2206 1375 2232 nunc
1392 2189 1511 2243 vulgo
1527 2185 1641 2241 Tyffa
1659 2186 1801 2227 dicitur
1813 2217 1822 2224 .

29 2261 102 2300 140
135 2249 301 2290 Romani
313 2249 458 2288 milites
475 2250 634 2289 fluuium
651 2250 951 2304 aliquermvadis
965 2249 1126 2303 repertis
1139 2275 1151 2294 ‚
1168 2250 1375 2290 minuturi,
1389 2260 1494 2288 arma
1508 2246 1664 2286 exuti&
1680 2243 1800 2284 vestes
1812 2270 1823 2288 ,
1836 2243 1919 2284 scu-

61 2318 106 2347 to
127 2304 440 2360 superponebant
453 2332 463 2350 ,
483 2307 593 2361 quod
610 2308 738 2359 capite
754 2305 965 2347 fulcientes
979 2332 990 2350 ³
1010 2306 1195 2347 tenebant
1219 2307 1396 2346 manibus
1411 2304 1584 2358 Vtrisque
1599 2327 1611 2345 ‚
1635 2305 1671 2341 &
1688 2301 1740 2340 ita
1757 2300 1804 2340 ad
1822 2302 1920 2343 alte-

58 2377 142 2404 ram
158 2365 325 2404 fluminis
341 2365 463 2417 ripam
482 2364 764 2418 pei-ueniebant
777 2393 786 2402 .
812 2363 996 2418 Signiferi
1013 2377 1144 2405 autem
1166 2363 1270 2418 signa
1282 2362 1524 2413 traijciebant
1538 2359 1650 2413 super
1663 2359 1861 2406 humeros,
1879 2373 1920 2401 vt

61 2433 320 2462 monumento
338 2419 509 2473 praesenti
526 2422 770 2475 antiquitatis
788 2421 935 2476 liquet.

33 2492 84 2530 4¹
119 2480 307 2519 Traianus
323 2477 519 2530 Augustus
536 2477 556 2518 ὲ
569 2478 605 2518 su
612 2479 746 2531 ggesto
759 2504 771 2522 ‚
786 2478 810 2518 fi
814 2481 900 2531 gnis
915 2477 1180 2521 asfistcntibus,
1198 2475 1513 2533 praetorianisque
1527 2473 1730 2517 militibus,
1747 2473 1917 2526 Legatos

61 2537 267 2577 Dacorum
282 2536 458 2588 excepit3
474 2535 569 2576 nihil
586 2549 715 2576 tamen
733 2536 781 2576 ab
795 2549 845 2575 eo
861 2538 1130 2590 impetrarunt,
1145 2549 1281 2590 praetcr
1294 2536 1442 2574 bellum
1464 2536 1501 2573 δε
1515 2533 1660 2573 caedem
1679 2556 1689 2573 a
1715 2543 1832 2584 quam
1848 2530 1918 2571 ad-

57 2592 192 2634 uersus
209 2593 298 2633 illos
316 2593 434 2632 iratus
452 2592 711 2637 moliebatur,
730 2594 850 2647 pilum
866 2593 1007 2634 finistra
1022 2595 1238 2637 ostentans,
1266 2594 1435 2633 indicem
1457 2590 1551 2631 belli
1577 2592 1614 2630 δι
1630 2586 1773 2627 furoris
1801 2616 1811 2625 .
1853 2589 1917 2629 Est

58 2663 188 2691 autem
205 2649 468 2704 pilum‚telum
480 2648 756 2694 miffile2fcrreo
771 2652 970 2705 triangulo
984 2654 1183 2693 vnciarum
1200 2663 1343 2691 nouem
1356 2677 1368 2695 ,
1382 2648 1509 2690 hastili
1522 2647 1667 2702 pedum
1683 2646 1862 2699 quinque
1876 2649 1916 2686 &

58 2707 171 2748 semis
188 2732 200 2752 ‚
216 2707 327 2763 quod
344 2705 586 2760 &spiculum
601 2707 808 2749 dicebatur
827 2735 838 2752 ,
860 2710 971 2763 quod
986 2708 1012 2749 si
1025 2723 1108 2750 arte
1122 2709 1304 2762 dirigitur
1319 2711 1356 2748 8<
1369 2709 1514 2748 virtute
1527 2732 1539 2750 ,
1559 2706 1596 2744 &
1620 2702 1789 2743 scutatos
1805 2703 1916 2756 pedi-

57 2777 130 2811 tes,
142 2764 381 2807 &loricatos
395 2765 547 2818 equites
564 2763 660 2818 saepe
677 2765 1014 2807 transuerberabat
1028 2796 1038 2806 .
1073 2767 1165 2806 Erat
1181 2767 1218 2806 c&
1231 2764 1337 2805 aliud
1353 2765 1474 2819 pilum
1493 2764 1634 2803 minus,
1650 2757 1779 2799 ferreo
1796 2760 1916 2800 trian-

55 2823 154 2877 gulo
168 2824 367 2863 vnciarum
381 2823 559 2876 quinque
570 2848 582 2866 ,
600 2823 722 2863 hastili
740 2826 854 2864 trium
870 2824 1016 2877 pedum
1035 2827 1072 2864 &
1086 2823 1213 2867 semis,
1229 2821 1340 2876 quod
1357 2822 1452 2862 olim
1468 2818 1720 2862 verriculum
1732 2819 1769 2856 &
1782 2817 1913 2870 postea

57 2893 240 2921 verutum
258 2880 486 2920 dicebatur.
517 2880 645 2919 Huius
658 2878 814 2921 secundi
828 2880 1146 2934 gener-is‚scilicet
1158 2879 1282 2936 pilum
1297 2881 1426 2920 minus
1437 2904 1449 2924 ,
1462 2878 1527 2919 seu
1538 2873 1913 2918 verutum2existim0

55 2936 168 2978 fuisse
183 2964 196 2982 2
213 2936 323 2993 quod
341 2937 521 2990 princeps
535 2950 649 2977 manu
664 2938 836 2991 gestabat
857 2970 866 2979 .

21 3009 79 3048 «49.
113 2995 217 3035 Daci
233 2994 345 3049 super
362 2994 510 3034 nudum
526 3007 720 3048 equorum
732 2995 890 3037 dorsum
909 2995 1138 3051 equitabant
1155 3022 1167 3041 ,
1197 2995 1317 3036 nullis
1335 2994 1508 3049 stragulis
1525 3004 1592 3034 aut
1605 2990 1776 3047 phaleris
1787 3002 1913 3044 equos

54 3065 237 3094 ornantes
252 3078 265 3098 ,
281 3052 364 3093 solo
377 3051 498 3092 fraeno
513 3053 690 3093 contenti
710 3083 720 3092 .

20 3123 47 3162 η
57 3123 77 3162 3
113 3111 216 3150 Daci
230 3135 242 3154 ,
257 3111 395 3151 incolae
410 3108 548 3164 oppidi
565 3108 627 3150 vel
642 3109 750 3152 vrbis
767 3110 940 3151 finitimae
951 3137 964 3156 ,
977 3111 1026 3152 ad
1049 3108 1241 3151 Caesarem
1256 3111 1419 3152 veniunt
1434 3108 1612 3163 petendae
1628 3107 1733 3160 pacis
1748 3100 1883 3143 causa„
1899 3127 1913 3146 ²

47 3181 220 3223 quorum
234 3167 504 3222 antefignanus
519 3180 665 3207 corona
677 3181 760 3209 erat
769 3169 901 3210 laurea
914 3167 1116 3222 insignitus
1127 3193 1140 3212 ,
1169 3180 1212 3209 vt
1225 3167 1264 3209 se
1274 3167 1462 3224 pacificos
1476 3163 1605 3207 adesse
1623 3161 1912 3223 profiterentur,

44 3229 83 3267 &
98 3225 265 3280 proinde
275 3226 469 3266 immunes
483 3224 506 3265 a
518 3223 743 3280 quibusque
753 3227 926 3267 militum
942 3225 1092 3275 iniuriis
1104 3223 1273 3267 futuros.
1301 3225 1407 3268 Cum
1418 3237 1549 3266 autem
1562 3221 1675 3263 iustas
1692 3229 1799 3272 pacis
1817 3228 1914 3255 con·

38 3283 210 3326 ditiones
222 3282 439 3326 abnuerent
453 3309 464 3329 2
490 3294 622 3338 neque
640 3284 778 3343 yrbem
792 3283 954 3327 arbitrio
970 3282 1135 3329 Caesaris
1158 3296 1425 3340 exponerent,
1455 3294 1498 3325 re
1513 3279 1654 3323 infecta
1671 3272 1878 3374 discgdunt
1893 3301 1904 3311 ·

1060 3352 1083 3383 C
1771 3344 1856 3372 UIUS
