2221 3512
38 146 105 205 155
143 144 335 188 Traianus
360 144 562 201 Augustus
583 145 738 188 obseffis
753 150 978 202 opportune
992 148 1139 197 adfuit,
1162 164 1440 210 annonamque
1455 157 1550 197 fecit
1571 154 1705 201 inferri
1731 160 1953 208 fameiam

32 259 35 264 ·
78 213 158 244 iarn
172 204 451 246 laborantibus
467 220 477 248 ;
508 206 666 259 nauigia
680 205 880 248 frumento
895 209 1029 249 onusta
1042 234 1055 253 ,
1086 210 1199 265 quod
1214 210 1332 253 saccis
1348 226 1431 255 erat
1443 215 1639 268 illigatum
1655 243 1667 261 ,
1697 232 1769 271 per
1780 223 1922 263 flumen
1936 248 1949 268 ,

32 269 35 284 ¹
80 274 124 302 vt
137 261 313 304 creditur
327 289 340 308 ,
356 264 494 305 Istrum
511 261 774 304 transmittens
792 292 802 301 .

32 319 51 373 f
109 320 290 376 L'edg'ficio
304 321 413 361 tando
424 321 659 374 rapprefinta
673 319 850 371 lasorma
865 321 1185 375 d'vn'Arfiteatro
1183 325 1460 381 fiorgendouss
1466 329 1479 368 i
1478 331 1566 382 suoi
1572 331 1733 384 gradini
1741 334 1793 374 da
1799 335 1837 386 s
1830 335 1930 376 edere

33 375 49 404 ἶ*
108 378 247 421 Fanali
261 405 275 424 ,
287 382 318 417 o’
332 378 449 419 torcbi
462 379 502 419 di
511 392 594 418 cera
597 378 715 430 prra
731 378 902 432 l'infigne
914 404 927 422 ,
942 377 1082 432 effendo
1092 381 1135 419 di
1149 393 1246 422 notte
1265 413 1276 422 .
1932 367 1942 378 Ο

32 442 75 495 J15
86 450 106 478 2
141 438 332 478 Traianus
348 437 548 491 Augustus
562 449 633 490 per
647 436 783 477 Istrum
797 435 1019 477 Liburnicis
1035 441 1167 480 vectus
1181 466 1193 484 ,
1208 445 1326 482 nostri
1343 444 1477 484 vrbem
1490 444 1678 486 obsessam
1694 448 1939 500 ingreditur,

32 547 33 553 ¹
79 496 241 539 obuiam
254 494 324 535 fibi
336 494 447 535 saetis
462 494 701 548 primoribus
713 493 896 538 ducibus,
913 494 1103 536 militibus
1115 521 1128 541 ,
1144 500 1182 537 δε
1194 499 1541 553 imaginai·ijs‚cum
1559 505 1681 544 cercis
1696 504 1863 545 accenfis
1875 503 1936 547 su-

79 567 150 611 per
164 553 271 608 ligna
287 551 493 606 impositis,
507 565 593 606 quae
609 551 721 592 lauro
737 563 846 593 erant
855 564 991 592 ornata
1004 578 1016 596 ‚
1030 553 1141 607 quod
1157 556 1302 596 virtute
1316 560 1355 597 δε
1370 560 1582 601 constantia
1592 587 1603 605 ,
1615 561 1803 603 aduersus
1817 563 1936 616 quos-

31 612 33 628 ¹
76 625 235 667 cunque
251 610 420 651 hostium
436 611 606 663 impetus
622 634 635 653 ,
652 609 789 650 vrbem
803 610 1122 651 commendatam
1137 613 1364 654 validissime
1380 614 1501 657 essent
1515 620 1627 658 tutati
1645 648 1655 657 .
1694 622 1809 675 Qos
1823 620 1935 662 laetus

30 677 33 719 j
77 669 208 712 Caesar
221 667 429 722 suscipiens
445 693 458 712 ,
470 667 766 708 commendauit
780 692 793 711 ,
823 666 1014 721 bonoque
1025 669 1156 709 animo
1169 668 1244 710 effe
1257 670 1378 711 iusfit:
1396 671 1564 714 subsidio
1577 676 1759 719 militum,
1771 679 1810 717 &
1823 690 1934 719 com-

74 741 207 770 meatu
222 724 384 780 copioso
395 724 471 765 illis
485 724 622 766 relicto
637 753 648 764 .
677 724 835 780 Qbus
849 724 935 778 post
950 725 1106 780 aliquot
1120 726 1204 767 dies
1220 727 1378 770 dimissis
1393 756 1403 774 ‚
1417 732 1556 771 iterum
1569 745 1687 773 naues
1704 736 1819 774 nonu
1835 748 1931 775 con-

72 785 257 828 scendere
274 795 384 839 parat
398 809 411 828 ,
427 794 470 824 vt
485 796 609 823 nouas
627 783 830 824 Dacorum
843 783 978 836 copias
994 785 1032 823 &
1048 784 1309 826 Sarmatarum
1322 811 1334 831 ,
1356 801 1443 842 quae
1470 787 1507 828 se
1535 791 1723 830 exercitui
1741 791 1935 832 Decebali
1995 812 2000 816 Δ

71 845 316 896 coniungere
331 840 532 887 volebant,
548 840 708 881 adortus
720 865 733 884 ‚
748 838 837 881 anre
854 841 1096 893 opprimeret
1108 867 1120 886 ,
1135 842 1257 897 quam
1273 844 1473 899 Vtriusque
1487 848 1681 888 exercitus
1697 848 1797 888 vires
1813 847 1934 891 effent

30 908 31 917 ¹
73 902 248 943 collecaae
262 928 271 939 .
302 900 412 940 Serta
427 911 558 940 autem
574 910 698 939 nautae
710 900 748 938 &
764 899 932 950 remiges
948 896 1099 941 faciunt
1112 925 1124 943 ,
1139 912 1181 940 vt
1195 899 1232 940 se
1246 901 1358 942 laetos
1374 916 1566 945 coronent
1582 933 1592 943 .

35 973 69 1011 ις
80 975 100 1012 3
136 958 321 1012 Antiquae
332 955 498 997 Biremis
513 954 642 996 forma
653 980 665 1000 ‚
677 954 700 995 a
712 955 928 1009 remigibus
944 957 1048 1000 ae'tae,
1061 958 1130 1012 qui
1144 959 1286 1011 partim
1304 972 1350 999 ex
1365 961 1542 1002 Romana
1554 963 1760 1004 iuuentute
1775 962 1932 1018 sponta-

75 1019 165 1062 nei,
193 1017 333 1070 partim
347 1028 396 1055 ex
408 1014 575 1068 captiuis
595 1014 715 1053 Dacis
731 1014 855 1054 coacti
867 1038 879 1057 ,
894 1012 943 1053 ad
956 1012 997 1053 id
1010 1015 1185 1055 munium
1199 1015 1428 1059 obeundum
1443 1031 1554 1061 erant
1569 1019 1710 1062 adiecti
1725 1050 1735 1060 .
1768 1020 1936 1061 Bjremis

75 1087 206 1117 autem
222 1072 269 1113 eo
283 1073 385 1113 dicta
396 1098 408 1117 ,
424 1071 535 1127 quod
549 1071 718 1112 duorum
734 1083 930 1111 remorum
948 1071 1154 1112 ordinibus
1169 1085 1350 1126 ageretur
1364 1104 1374 1114 .
1544 1085 1549 1090 ·

33 1146 101 1186 :54
131 1131 276 1179 Arcus,
288 1131 350 1172 seu
368 1134 484 1171 Porta
497 1130 537 1169 in
559 1129 752 1170 honorem
769 1129 925 1169 Traiani
944 1126 1108 1182 Augusti
1123 1130 1358 1175 constructa,
1384 1134 1446 1173 vel
1463 1133 1596 1174 saltem
1613 1148 1751 1177 ornata
1765 1161 1777 1180 ,
1793 1133 1844 1176 ad
1860 1135 1932 1174 flu-

28 1207 30 1210 *
75 1191 192 1233 minis
209 1191 349 1245 ripam,
363 1201 412 1229 eo
427 1188 521 1229 loco
532 1212 544 1233 ,
557 1200 641 1242 quo
658 1186 719 1228 vel
733 1185 899 1229 nauibus
914 1185 1138 1232 descendit,
1154 1188 1217 1229 vel
1229 1187 1490 1231 conscendere
1505 1192 1667 1243 parabat
1679 1223 1688 1233 .
1711 1195 1836 1247 Supra
1851 1191 1931 1231 Ar-

75 1261 167 1291 cum
183 1247 277 1291 vero
297 1249 404 1288 Mars
419 1245 597 1300 galeatus
624 1244 861 1298 conspicitur
876 1269 889 1288 ,
914 1243 1047 1296 bigam
1064 1257 1258 1299 equorum
1273 1247 1423 1299 agitans
1442 1273 1454 1292 ,
1479 1249 1519 1287 in
1535 1250 1721 1303 principis
1735 1249 1931 1291 adulatio-

72 1320 164 1350 nem
180 1305 455 1347 simulachrum
473 1302 619 1344 faCtum
634 1328 647 1349 ,
660 1314 703 1344 vt
716 1301 822 1342 illius
838 1302 1022 1342 virtutem
1034 1302 1073 1340 in
1090 1301 1198 1341 bello
1211 1327 1223 1346 ,
1239 1316 1372 1356 parem
1388 1305 1451 1345 vel
1468 1318 1719 1347 communem
1737 1321 1827 1349 cum
1842 1306 1932 1356 Dijs

73 1364 162 1407 fore
174 1363 410 1406 insinuarent
424 1378 432 1400 :
444 1362 508 1403 vel
524 1358 654 1405 certe,
671 1358 783 1414 quod
798 1359 902 1399 illius
920 1359 1000 1398 Dei
1013 1360 1171 1403 numine
1185 1361 1224 1401 δι
1239 1373 1317 1414 ope
1329 1386 1342 1406 ,
1355 1363 1556 1404 victoriam
1573 1361 1692 1404 fuerit
1707 1363 1897 1413 assecutus
1913 1386 1929 1407 ,

71 1424 126 1465 ita
142 1424 247 1463 enim
263 1420 559 1461 commentitios
571 1418 663 1459 illos
676 1418 790 1458 Deos
803 1416 988 1458 mortales
1002 1416 1137 1459 iuuare
1148 1443 1161 1464 ,
1175 1430 1274 1459 vana
1291 1420 1489 1473 gentilitas
1503 1420 1674 1462 credidit
1690 1450 1701 1461 .

33 1486 43 1510 ἓ
100 1481 145 1520 N
148 1493 192 1519 on
207 1479 252 1519 vi
265 1480 284 1519 e*
300 1477 396 1518 nella
410 1476 494 1532 biga
496 1477 630 1533 figura
648 1475 782 1516 alcuna
795 1504 805 1515 .

33 1550 93 1589 :55
131 1538 259 1593 Equi,
272 1539 312 1578 &
324 1547 586 1580 commeatus,
595 1534 739 1575 alendo
754 1533 941 1575 exercitui
957 1532 1186 1576 neceslarius
1202 1561 1213 1580 ,
1227 1535 1359 1589 longis
1374 1537 1526 1592 scaphis
1539 1550 1610 1591 per
1626 1536 1762 1578 Istrum
1778 1540 1928 1584 veetao,

69 1595 202 1650 clypei
217 1620 231 1640 ,
245 1594 427 1635 thoraces
442 1619 455 1638 ,
470 1604 710 1634 armamenta
722 1592 850 1632 omnis
867 1594 1020 1645 generis
1035 1618 1047 1637 2
1061 1592 1395 1648 &impedimenta
1410 1594 1552 1636 bellica
1565 1623 1575 1633 .
1608 1595 1846 1637 Nauarchus
1860 1610 1929 1638 au·-

26 1683 28 1686 ·
70 1664 149 1694 tem
165 1653 288 1708 puppi
303 1651 472 1693 infidens
486 1677 499 1696 ,
516 1650 631 1692 clauo
648 1650 779 1691 nanim
796 1648 990 1703 gubernat
1003 1679 1012 1688 .

26 1724 39 1750 i
50 1723 66 1761 5
77 1717 100 1751 6
131 1712 305 1752 Biremes
321 1709 402 1750 aliae
417 1709 547 1750 rostris
563 1709 671 1749 aereis
686 1733 698 1753 ,
714 1705 736 1747 a
751 1706 968 1760 remigibus
983 1710 1072 1749 ac’tae
1088 1734 1099 1753 ,
1117 1709 1231 1749 clauo
1248 1721 1312 1751 eas
1328 1709 1519 1751 naucleris
1535 1709 1795 1766 dirigentibus
1808 1736 1821 1757 ,
1835 1724 1923 1766 quae

74 1770 217 1824 partim
229 1781 318 1810 cum
331 1766 466 1807 nostris
479 1766 699 1807 Liburnicis
715 1766 973 1809 conueniunt,
985 1768 1123 1820 partim
1138 1765 1316 1807 diffident
1331 1796 1342 1806 .

33 1840 38 1866 ;
48 1839 64 1876 5
75 1841 97 1878 7
131 1828 321 1867 Traianus
338 1825 456 1866 celeri
471 1824 722 1877 nauigatione
734 1821 821 1863 vsus
834 1848 846 1868 ,
861 1822 997 1864 vrbem
1015 1824 1065 1864 ad
1080 1824 1202 1878 ripam
1215 1825 1299 1865 Istri
1310 1826 1478 1866 fluminis
1493 1824 1516 1865 εἰ
1533 1827 1722 1868 Romanis
1739 1826 1932 1867 militibus

74 1895 308 1939 occupatam
320 1909 332 1927 ,
358 1896 466 1923 nouo
481 1881 656 1936 praefidio
669 1881 797 1921 munit
809 1906 822 1925 ,
851 1893 957 1921 arma
972 1884 1010 1922 &
1025 1895 1221 1922 annonam
1235 1881 1367 1923 inferri
1383 1882 1477 1923 facit
1493 1897 1502 1926 ς
1520 1897 1569 1924 ne
1584 1896 1651 1924 aut
1676 1885 1809 1938 inopia
1824 1884 1928 1924 mili-

76 1955 160 1984 tum
175 1968 185 1987 ,
200 1941 264 1983 vel
278 1953 474 1982 armorum
487 1965 499 1984 ,
515 1951 582 1980 aut
594 1940 649 1981 rei
666 1937 926 1980 frumentaria:
938 1964 949 1982 ,
962 1938 1053 1979 vrbs
1066 1941 1106 1979 in
1120 1939 1286 1980 hostium
1303 1941 1535 1994 potestatem
1551 1942 1703 1982 veniret
1714 1971 1724 1979 .

26 2003 99 2048 ¹158
132 2001 323 2040 Traianus
339 1997 536 2051 Augustus
553 1998 686 2051 copias
699 2009 746 2036 ex
762 1996 835 2036 hac
852 1995 947 2036 vrbe
961 1997 1001 2036 in
1017 2009 1133 2050 agros
1147 1997 1304 2038 hostiles
1320 1998 1467 2043 educit,
1483 2000 1700 2053 equitatum
1719 2001 1755 2038 &
1771 1999 1929 2052 pedita-
1989 2021 1994 2025 ·

71 2071 156 2099 tum
172 2059 213 2097 in
227 2058 329 2097 acies
343 2059 382 2097 δε
398 2068 542 2096 turmas
560 2054 776 2095 distribuit:
799 2052 876 2093 fine
891 2052 1006 2106 {ignis
1023 2067 1151 2095 tamen
1165 2056 1346 2107 procedit
1362 2071 1371 2098 ς
1397 2068 1465 2096 aut
1480 2056 1590 2110 quod
1604 2057 1829 2109 repentinus
1848 2058 1923 2096 ho-

69 2116 144 2157 stes
159 2115 384 2169 opprimere
400 2139 412 2158 ,
429 2112 646 2166 tacitusque
658 2111 843 2165 progredi
857 2111 976 2151 vellet
986 2127 996 2154 ς
1015 2124 1081 2152 aut
1095 2111 1205 2166 quod
1221 2113 1415 2166 integram
1430 2114 1631 2166 legionem
1649 2113 1752 2152 haud
1770 2117 1900 2153 nactus
1911 2138 1924 2157 ,

72 2174 243 2227 legionis
257 2171 406 2225 fignum
420 2196 432 2215 ,
454 2169 566 2225 quod
578 2170 652 2209 alia
667 2168 930 2223 sequebantur
943 2194 954 2212 ,
977 2181 1067 2209 ante
1082 2168 1184 2209 ferre
1199 2169 1392 2210 dedeceat
1403 2196 1415 2215 ,
1430 2171 1654 2224 legionariis
1670 2169 1846 2223 praesidio
1860 2184 1924 2210 vr-

73 2231 190 2271 bibus
204 2230 344 2270 relictis
362 2255 374 2274 ,
391 2232 430 2269 ὃς
443 2228 602 2282 reliquis
619 2227 776 2266 munitis
790 2225 949 2280 oppidis
962 2252 972 2269 ,
988 2240 1073 2281 quae
1089 2238 1331 2280 expugnaret
1342 2253 1353 2271 ,
1371 2231 1409 2268 &
1424 2228 1445 2267 a
1461 2229 1586 2268 Lucio
1602 2225 1786 2267 Praefecto
1800 2226 1925 2267 abdu-

70 2289 142 2329 &is
155 2314 167 2332 ,
191 2289 261 2342 qui
277 2286 436 2328 aliunde
449 2287 584 2327 Dacos
601 2284 857 2338 oppugnabat
873 2313 883 2323 .
924 2284 982 2324 Ex
1008 2284 1260 2325 auxiliaribus
1278 2287 1316 2326 &
1332 2284 1534 2326 foederatis
1551 2283 1663 2337 socijs
1683 2282 1767 2325 suas
1783 2286 1919 2339 copias

71 2346 262 2387 Traianus
280 2345 461 2385 instaurat
476 2373 486 2382 .

32 2417 40 2433 r
99 2403 144 2442 N
147 2403 179 2442 el
194 2399 302 2451 rcstro
318 2401 417 2440 della
426 2401 548 2454 prima
565 2413 659 2439 naue
669 2425 680 2443 ,
695 2397 954 2450 vienescolpito
969 2398 1162 2437 Palemone
1175 2424 1187 2443 ,
1213 2413 1315 2438 ouero
1331 2402 1512 2439 Portunno
1526 2398 1579 2438 col
1591 2409 1730 2438 temone
1750 2424 1763 2443 ,
1780 2397 1921 2450 esopra

68 2461 189 2513 lafita
203 2459 291 2501 coda
309 2461 532 2500 vn’,4m0re;
549 2458 596 2501 ὠ*
609 2453 764 2510 apprcffb
779 2455 946 2495 vn’altro
959 2453 1085 2503 mostro
1097 2482 1109 2500 ,
1125 2457 1172 2498 ὁ»
1184 2470 1240 2495 vn
1251 2454 1406 2496 Tritone
1437 2473 1444 2495 z
1465 2453 1580 2510 questi
1594 2456 1669 2496 Dei
1679 2453 1922 2510 mariniffi-

63 2531 259 2573 gurauano
275 2516 365 2555 nelle
381 2515 470 2555 naui
482 2542 493 2560 ,
503 2527 568 2567 per
579 2512 953 2564 renderlifauoreuoli
968 2513 1046 2552 alla
1062 2514 1294 2567 nauigatione
1305 2540 1317 2559 ,
1344 2527 1362 2553 e
1377 2515 1428 2554 da
1441 2511 1502 2568 effi'
1517 2512 1776 2565 nominauansi
1783 2513 1815 2552 le
1827 2511 1920 2551 naui

58 2568 181 2629 stcffi,
194 2589 290 2616 come
304 2573 463 2626 descriue
477 2571 634 2612 Luciano
649 2572 688 2611 di
703 2571 825 2625 quella
834 2584 935 2625 gran
949 2584 1044 2610 naue
1054 2571 1217 2626 d'Egitto
1233 2571 1420 2613 chiamata
1432 2572 1545 2624 Iside,
1561 2571 1726 2612 hauendo
1741 2570 1924 2614 nell'vna,

73 2647 92 2673 e
105 2632 236 2673 l'altra
246 2642 356 2685 parte
367 2630 466 2670 della
476 2643 587 2683 prora
602 2630 640 2668 la
646 2629 723 2680 fita
737 2629 895 2683 imagine
908 2658 918 2668 .

32 2705 98 2743 :59
130 2691 316 2730 Germani
335 2688 786 2740 foedcrati&ve6tigales
800 2686 954 2741 Populo
967 2688 1148 2728 Romano
1162 2712 1174 2730 ,
1192 2688 1255 2727 vel
1270 2686 1332 2738 alij
1346 2686 1484 2740 populi
1500 2686 1540 2725 in
1557 2686 1768 2726 amicitiam
1786 2684 1920 2725 Traia-

71 2748 287 2802 niAugusti
301 2747 486 2801 suscepti,
511 2759 720 2785 commune
733 2744 917 2785 aduersus
936 2746 1070 2785 Dacos
1086 2744 1235 2784 bellum
1246 2742 1455 2797 suscipiunt
1466 2770 1478 2788 ,
1504 2741 1776 2796 Caesaremque
1791 2743 1832 2781 in
1848 2754 1920 2783 ea..

69 2805 315 2861 profectione
332 2806 567 2844 comitantur
582 2828 594 2847 ,
618 2803 750 2856 praelio
766 2801 953 2842 intersunt
967 2828 980 2846 ,
997 2801 1091 2843 nudi
1104 2814 1234 2842 tamen
1250 2803 1288 2842 δι
1304 2802 1471 2843 inermes
1484 2826 1496 2846 2
1510 2813 1649 2856 praeter
1663 2800 1792 2841 clauas
1806 2824 1818 2844 ,
1830 2799 1923 2854 qui-

69 2865 145 2905 bus
160 2862 363 2904 duriffimis
380 2863 517 2903 ictibus
531 2858 770 2901 aduersarios
784 2858 978 2900 feriebant
995 2889 1005 2898 .

32 2925 42 2949 ·‘
100 2919 232 2978 Qqsti
248 2920 373 2975 ignudi
387 2932 449 2959 con
462 2919 502 2958 la
515 2918 624 2958 claua
627 2916 720 2969 fino
735 2913 947 2968 contraposti
960 2917 1012 2956 da
1027 2915 1187 2956 Romani
1200 2915 1226 2955 d
1232 2915 1291 2971 gli
1303 2915 1394 2958 altri
1397 2915 1516 2969 stmili
1535 2943 1547 2961 ,
1571 2915 1633 2957 che
1646 2914 1869 2957 combattono
1883 2911 1921 2951 in

57 2976 197 3030 fauore
207 2979 252 3018 de
262 2978 360 3018 Daci
372 3003 385 3022 ,
400 2974 604 3027 vedendosi
608 2974 679 3014 nell
683 2977 768 3014 'vno
779 3000 792 3020 ,
809 2989 826 3014 e
838 2975 851 3013 l
856 2975 964 3014 'altro
976 2972 1146 3028 Effercito
1158 3003 1168 3013 .

30 3041 96 3076 ¹60
129 3037 318 3077 Traianus
330 3048 454 3090 eques
471 3034 685 3074 exercitum
697 3034 806 3087 praeit
818 3058 831 3078 ,
858 3033 1085 3087 certiorque
1106 3045 1176 3086 per
1190 3031 1463 3085 exploratores
1471 3030 1594 3074 fastus
1607 3031 1658 3073 de
1667 3029 1835 3072 hostium
1852 3026 1922 3065 sta-

68 3095 201 3138 tione,
224 3097 344 3135 notstu
359 3095 497 3135 itinere
511 3103 668 3145 arrepto
680 3116 692 3135 ,
707 3089 934 3145 summaque
950 3089 1152 3129 celeritate
1168 3087 1255 3130 vsus
1266 3114 1278 3133 2
1296 3101 1386 3129 ante
1400 3090 1499 3131 lucis
1512 3102 1642 3131 ortum
1656 3116 1667 3134 ,
1685 3089 1819 3129 somno
1835 3097 1923 3123 cor-

24 3189 28 3196 ,
61 3163 196 3205 reptos
207 3177 219 3196 ,
230 3154 267 3192 &
285 3151 382 3191 nihil
397 3151 474 3191 tale
491 3160 710 3191 metuentes
723 3149 926 3192 ,incautos
943 3148 1131 3201 opprimit
1145 3175 1156 3186 .
1184 3145 1404 3188 Ambulare
1423 3150 1528 3188 enim
1544 3148 1724 3188 celeriter
1739 3147 1777 3184 δι
1793 3153 1925 3194 aequa-

60 3209 151 3251 liter
179 3208 423 3253 docebantur
444 3208 587 3251 milites
613 3207 810 3268 Romani,
831 3206 887 3265 ita
898 3218 940 3248 vt
959 3205 1117 3249 militari
1130 3204 1254 3258 gradu
1269 3230 1283 3252 2
1308 3205 1452 3262 viginti
1463 3205 1585 3249 millia
1597 3201 1773 3261 palsuum
1788 3224 1800 3242 ‚
1814 3198 1925 3261 'horis

1057 3276 1080 3305 c
1141 3277 1161 3303 2
1750 3269 1866 3306 qum-
