2221 3512
291 149 409 215 DE
456 149 660 213 σοι·
708 147 1127 214 TRAIANI
1176 147 1374 213 CAP·
1424 153 1595 217 vm·
1701 177 1822 243 243

13 279 38 309 Α
68 254 163 307 mus
178 255 334 307 mediae
348 260 657 327 magnitudinis
675 258 813 308 eidem
831 278 883 307 ex
897 262 936 307 S.
955 264 1009 307 C.
1038 278 1139 308 cum
1160 262 1297 313 Dacia*
1317 261 1549 310 Prouincizi
1566 263 1793 330 inscriptus
1806 268 1919 325 fuit}

68 344 116 378 vt
133 330 333 378 videmus
348 331 462 396 apud
477 332 684 379 Patinum
700 332 746 377 in
758 329 979 378 Hadriano
995 348 1089 395 pag.
1111 349 1128 376 1
1143 349 1171 386 9
1185 348 1202 378 1
1214 363 1226 375 .

136 398 439 448 Diuerfimode
452 401 728 464 Xiphilinum
743 401 992 465 intelligunt
1008 402 1256 455 Blancus,&
1273 403 1555 453 Leunclauius
1570 421 1583 460 3
1600 403 1670 450 ille
1686 407 1803 453 enim
1819 408 1915 453 colo-'

67 474 173 516 niam
187 500 201 524 ,
218 469 287 515 hic
302 470 465 517 colonias
483 471 722 518 Traianum
735 473 780 518 in
798 472 984 518 Daciam
1000 469 1212 519 deduxisse
1226 473 1330 538 legit
1345 507 1356 518 .
1398 478 1514 520 Bene
1542 474 1673 538 igitur
1703 477 1911 522 Leuncla-

67 542 188 586 uium
211 537 447 588 emendaffe
463 540 696 588 dicendum
715 542 796 598 est3
816 540 993 606 quando
1010 572 1024 594 ,
1058 542 1104 588 in
1123 543 1410 590 marmoribus
1436 558 1526 591 tam
1559 545 1755 592 Coloniae
1774 548 1910 613 leiae

67 610 262 656 Traianae
279 610 711 675 Sarnuz-AEgethusae
725 642 738 664 ,
767 611 900 675 quam
917 609 1120 657 Coloniae
1149 613 1381 675 Apulenfis
1401 614 1612 660 memoria
1627 617 1802 663 refertur
1818 649 1832 670 ‚
1864 629 1911 663 vt

11 691 22 721 1¹
66 679 218 744 paffim
235 676 348 742 apud
377 681 625 728 Zamofium
643 689 686 728 ὃς
702 682 940 728 Gruterum
957 679 1099 728 videre
1113 678 1196 730 est‚·
1227 690 1270 730 δε
1297 683 1456 747 lapides
1472 685 1514 728 in
1541 682 1587 728 eti
1603 687 1831 733 prouincia
1848 704 1912 732 re-

12 747 13 750 ’
60 750 199 814 perti,
231 746 307 794 sub
335 754 518 798 nomine
547 752 802 817 pluralitatis
823 752 987 800 colonias
1000 750 1266 807 enunciant,
1293 754 1354 801 vti
1380 752 1562 821 sequens
1580 782 1594 806 ,
1623 756 1669 803 in
1686 755 1906 804 Thesauro

60 836 154 885 pag·
170 820 265 868 VII·
290 837 331 867 2·
348 822 474 871 Albae
487 823 603 870 Iuliae
620 835 764 870 extans
781 853 793 865 .
1303 818 1319 819 ⁷⁷
1340 817 1353 822 ”
1808 822 1817 824 “

56 925 60 931 ·
765 894 786 938 Ι
857 901 871 918 ·
942 894 988 938 O
1060 891 1072 925 ·‘
1145 893 1200 940 M

695 964 732 1009 E
750 961 793 1008 T
862 972 876 989 ⁸
950 963 966 1006 1
987 963 1024 1007 V
1045 965 1094 1008 N
1113 967 1157 1010 O
1179 964 1224 1008 N
1243 965 1264 1010 I

752 1034 793 1079 R
823 1031 858 1075 E
892 1031 938 1076 G
971 1032 987 1075 1
1023 1033 1070 1077 N
1101 1036 1141 1084 A
1170 1034 1203 1076 E

666 1101 1332 1151 T1·CL·AN1CETVS·AVG

729 1174 770 1219 C
793 1174 839 1218 O
870 1172 905 1216 L
933 1175 978 1219 O
1014 1173 1062 1217 N
1088 1174 1107 1219 I
1140 1175 1181 1217 A
1209 1173 1253 1218 R.

740 1241 782 1288 T
811 1241 847 1285 E
886 1243 939 1289 M
969 1243 1002 1287 Ρ
1031 1242 1065 1287 L
1098 1245 1136 1289 V
1170 1242 1225 1287 M

687 1314 731 1360 V
762 1311 797 1356 E
828 1308 868 1356 T
903 1314 940 1358 V
973 1313 998 1356 S
1029 1311 1070 1357 T
1103 1312 1147 1357 A
1181 1311 1221 1357 T
1251 1311 1286 1354 E

687 1384 728 1427 C
755 1383 802 1427 O
832 1382 881 1427 N
913 1381 948 1426 L
976 1382 1018 1425 A
1045 1383 1078 1428 P
1105 1384 1130 1428 S
1164 1383 1205 1428 V
1237 1381 1292 1427 M

793 1452 834 1496 A
867 1469 879 1482 ·
927 1453 951 1495 S
981 1455 1027 1497 O
1060 1452 1094 1496 L
1128 1454 1173 1496 O

7 1529 19 1564 ι»
707 1520 751 1568 R
773 1522 808 1565 E
837 1521 861 1564 S
894 1518 935 1565 T
963 1521 979 1564 1
1011 1519 1050 1565 T
1087 1522 1130 1567 V
1161 1523 1180 1566 Ι
1213 1519 1253 1566 T

49 1584 264 1636 Praedictis
280 1583 444 1633 duabus
460 1618 475 1643 ,
492 1588 704 1652 leianus
722 1591 754 1633 I.
772 1592 827 1636 C.
851 1590 928 1652 qui
943 1587 1096 1635 eodem
1123 1587 1278 1636 saeculo
1291 1585 1447 1648 scripsit
1463 1621 1476 1644 ,
1501 1590 1545 1636 in
1562 1591 1653 1654 lege
1676 1607 1715 1639 1.
1730 1593 1790 1635 D.
1805 1591 1896 1639 ded

48 1656 203 1704 cenfib.
217 1688 232 1712 ,
246 1657 346 1703 alias
358 1656 459 1705 duas
474 1688 488 1713 ,
503 1656 834 1722 Napocenfium
850 1667 892 1704 ὃς
908 1658 1204 1705 Ciernenfium
1220 1657 1430 1704 Colonias
1442 1689 1455 1713 2
1473 1660 1576 1706 iuris
1592 1661 1726 1708 Italici
1743 1677 1897 1708 omnes

8 1720 10 1774 ζ
48 1731 126 1790 (vt
143 1727 251 1774 hanc
269 1744 449 1793 quoque
462 1730 791 1793 praerogatiuam
808 1727 1014 1775 addamus
1032 1731 1049 1787 )
1073 1729 1303 1792 coniungit
1321 1746 1334 1782 3
1362 1725 1577 1794 aliamque
1596 1731 1799 1777 Ciuitatis
1815 1735 1897 1778 Pa-

44 1796 248 1846 raiisenfis
265 1827 279 1852 ,
306 1805 323 1861 (
347 1799 578 1864 Parolrffiam
606 1799 877 1859 Ptolemaeo)
899 1816 947 1843 cx
963 1799 1098 1845 titulis
1117 1800 1538 1854 DECVRIONIS,
1566 1809 1608 1847 ὃς
1624 1801 1896 1849 AVGVRis

47 1869 337 1916 Coloniarum
353 1869 537 1933 propriis
552 1899 566 1923 ,
597 1867 756 1916 indicat
768 1866 896 1914 nobis
914 1866 1094 1933 sequens
1112 1870 1217 1936 lapis
1245 1869 1357 1916 inter
1377 1869 1682 1937 Inscriptiones
1700 1869 1895 1917 Dalmat.

50 1938 168 2003 Lucij
186 1941 344 1990 XLIII.
360 1939 438 1987 fol.
456 1957 475 1999 3
495 1957 532 1985 1.

290 2013 580 2059 COCCEIO
597 2024 608 2035 ·
623 2010 975 2056 VMBRIANO
992 2027 1002 2038 ·
1017 2009 1376 2056 DECVRIONI
1391 2030 1401 2042 ·
1418 2011 1646 2061 AVGVR

286 2082 387 2127 lTE
419 2101 430 2112 ·
459 2080 781 2128 PONTIFICI
807 2098 819 2109 ·
851 2080 1161 2126 CIVITATIS
1192 2098 1203 2109 ·
1237 2081 1651 2128 PARALISENSI

285 2153 411 2199 VM·
439 2150 836 2201 PROVINCIAE
856 2169 866 2181 ·
892 2150 1135 2196 DACIAE
1159 2168 1173 2181 ·
1206 2152 1514 2196 COCCEIVS
1544 2167 1557 2179 ·
1582 2154 1648 2196 SE

7 2264 9 2269 .
49 2261 53 2263 .
292 2223 491 2269 VERVS
517 2237 528 2249 ·
565 2220 827 2266 PII-IVS
862 2232 876 2247 ·
920 2219 1164 2266 PATRI
1191 2232 1204 2244 ·
1241 2220 1643 2267 PIENTISSIMO

45 2289 177 2338 Nulli
190 2289 307 2338 enim
332 2288 503 2358 potius,
531 2289 664 2354 quam
680 2289 872 2336 Traiano
901 2288 1112 2335 Colonias
1141 2286 1262 2335 hasce
1288 2289 1443 2337 Dacias
1459 2290 1641 2336 tribuere
1654 2288 1859 2337 debemus
1877 2322 1893 2345 ,

0 2367 7 2402 ’ἶ
44 2360 146 2425 quia
160 2359 270 2424 ipse,
284 2375 332 2407 vt
349 2362 407 2409 ait
421 2362 658 2424 Eutropius
674 2359 772 2404 loco
788 2359 877 2406 iam
893 2356 917 2404 εὶ
932 2358 1058 2405 nobis
1069 2357 1193 2423 supra
1210 2371 1455 2411 memorato
1468 2389 1481 2412 ‚
1510 2358 1692 2424 infinitas
1705 2356 1744 2405 eo*
1760 2368 1886 2424 copias

6 2431 7 2434 ’
43 2428 244 2476 hominum
259 2431 538 2500 transtulerat,
551 2432 641 2477 iure
655 2428 813 2476 merito
828 2429 873 2474 in
888 2428 1031 2493 plures
1047 2429 1258 2475 Colonias
1274 2427 1578 2493 dispertiendus
1598 2462 1609 2473 .
1647 2431 1889 2478 Proeterea4

6 2512 7 2515 ’
42 2511 182 2545 textus
196 2499 374 2565 leiani
387 2530 402 2554 ,
415 2503 475 2546 ita
489 2517 540 2545 ex
554 2498 778 2547 Pandestis
795 2498 1054 2546 Florentinis
1072 2496 1328 2546 emendante
1347 2499 1594 2554 Pancirolo,
1612 2516 1702 2546 non
1717 2500 1858 2545 incluta
1875 2531 1890 2555 ,

44 2566 116 2616 seu
134 2566 282 2616 indicia
293 2599 308 2624 2
322 2583 370 2617 vt
385 2569 455 2631 alij
472 2567 655 2622 codices,
668 2565 738 2615 sed
755 2576 799 2614 in
817 2572 949 2618 Dacid
963 2568 1190 2617 reetiffime
1206 2567 1334 2615 habet
1347 2599 1360 2624 ,
1378 2572 1406 2613 Ι
1411 2589 1437 2616 n
1457 2573 1592 2619 Dacid
1608 2586 1760 2635 quoque
1775 2575 1888 2615 Cier-

44 2638 224 2703 nensium
248 2639 430 2695 Colonia,
446 2637 470 2686 ὰ
489 2642 599 2686 Diuo
616 2643 792 2684 Traiano
808 2636 979 2687 dedufia
993 2670 1009 2693 ‚
1034 2646 1129 2686 iuris
1159 2640 1298 2686 Italici
1313 2642 1389 2703 est:
1408 2644 1455 2686 Z
1458 2637 1725 2704 armxsegetufiz
1739 2655 1892 2703 quoque

45 2706 218 2775 eiusdem
233 2714 335 2757 iuris
351 2711 425 2775 est:
441 2716 535 2756 item
551 2707 802 2774 Napocensis
820 2709 1006 2764 Colonia,
1038 2718 1097 2759 <9⁴
1113 2711 1156 2758 A
1154 2708 1330 2773 pulenfis
1347 2741 1359 2753 .
1386 2712 1444 2756 Et
1459 2708 1565 2756 dum
1581 2706 1890 2756 Ciernensem„

5 2789 7 2820 ι
44 2779 184 2843 aperte
201 2780 390 2827 Traiano
403 2778 598 2826 attribuit
610 2809 624 2833 ‚
635 2779 733 2825 alias
748 2794 928 2843 quoque
944 2780 989 2827 in
1004 2776 1156 2826 eadem
1173 2778 1403 2826 Prouinci-S„
1416 2810 1432 2834 ‚
1449 2795 1555 2843 quas
1577 2780 1772 2825 oratione
1786 2794 1891 2824 con-

45 2845 183 2914 {unxit
194 2878 208 2904 ‚
220 2848 274 2895 ab
289 2848 445 2898 eodem
460 2846 696 2895 deducente
710 2849 926 2912 originem
941 2846 1130 2896 habuisse
1143 2847 1351 2896 indicauit
1368 2888 1380 2900 .

53 2954 55 2957 .
111 2920 262 2967 Aliam
278 2935 457 2986 quoque
474 2920 644 2972 Daciae,
666 2916 881 2965 Danubio
897 2917 1119 2967 diuidente
1132 2949 1146 2974 ,
1175 2919 1495 2966 conterminam
1509 2949 1524 2975 ,
1541 2919 1587 2966 in
1603 2917 1763 2968 Moesia
1781 2915 1891 2964 scili-

45 2983 113 3050 bet
132 2987 326 3038 inferiori
338 3021 354 3047 ‚
370 2991 550 3038 inuenio
566 2986 590 3033 ἓι
605 2988 793 3035 Traiano
807 2987 1029 3036 conditam
1046 2988 1209 3035 Vrbem
1222 2989 1486 3055 Nicopolim
1502 3018 1517 3043 ‚
1544 2991 1635 3037 eius
1650 3006 1783 3054 quam
1798 2993 1891 3034 Au-

37 3053 182 3120 'gustus
198 3058 252 3107 ad
267 3061 475 3117 Aetium,
501 3061 713 3107 &iterum
728 3072 865 3122 prope
879 3056 1189 3105 Alexandriam
1205 3059 1393 3107 extincto
1409 3058 1584 3107 tandem
1604 3059 1806 3106 Antonio
1823 3072 1891 3099 ex-

7 3130 10 3186 }
34 3127 192 3199 strunt?
216 3127 302 3188 siue
317 3130 554 3199 Pompeius
581 3126 634 3178 ad
655 3128 815 3179 limites
829 3130 1049 3179 Armeniae
1065 3157 1080 3181 2
1094 3129 1140 3174 in
1161 3127 1261 3175 loco
1282 3129 1360 3179 vbi
1375 3128 1687 3181 Mithradatem
1704 3130 1893 3181 vicerat,

1022 3200 1066 3247 H
1080 3196 1110 3244 h
1184 3216 1212 3247 2
1377 3198 1382 3201 ’
1461 3196 1464 3199 ’
1678 3194 1824 3242 imita-
