<?xml version="1.0" encoding="UTF-8"?>
<!DOCTYPE html PUBLIC "-//W3C//DTD XHTML 1.0 Transitional//EN"
    "http://www.w3.org/TR/xhtml1/DTD/xhtml1-transitional.dtd">
<html xmlns="http://www.w3.org/1999/xhtml" xml:lang="en" lang="en">
 <head>
  <title>
</title>
<meta http-equiv="Content-Type" content="text/html;charset=utf-8" />
  <meta name='ocr-system' content='tesseract 3.04.00' />
  <meta name='ocr-capabilities' content='ocr_page ocr_carea ocr_par ocr_line ocrx_word'/>
</head>
<body>
  <div class='ocr_page' id='page_1' title='image "./raphaelisfabrett00fabr_0041.png"; bbox 0 0 2221 3512; ppageno 0'>
   <div class='ocr_carea' id='block_1_1' title="bbox 467 130 1904 229">
    <p class='ocr_par' dir='ltr' id='par_1_1' title="bbox 467 130 1904 229">
     <span class='ocr_line' id='line_1_1' title="bbox 467 130 1904 229; baseline -0.003 -26"><span class='ocrx_word' id='word_1_1' title='bbox 467 134 582 203; x_wconf 79' lang='lat' dir='ltr'>DE</span> <span class='ocrx_word' id='word_1_2' title='bbox 627 130 1287 198; x_wconf 74' lang='lat' dir='ltr'>coL··TRA1AN1</span> <span class='ocrx_word' id='word_1_3' title='bbox 1333 130 1530 196; x_wconf 85' lang='lat' dir='ltr'><strong>CAP·</strong></span> <span class='ocrx_word' id='word_1_4' title='bbox 1576 137 1649 198; x_wconf 86' lang='lat'>11-</span> <span class='ocrx_word' id='word_1_5' title='bbox 1823 147 1904 229; x_wconf 55' lang='lat'>3‘3&#39;</span> 
     </span>
    </p>
   </div>
   <div class='ocr_carea' id='block_1_2' title="bbox 81 242 1991 3088">
    <p class='ocr_par' dir='ltr' id='par_1_2' title="bbox 91 242 1991 657">
     <span class='ocr_line' id='line_1_2' title="bbox 91 242 1986 313; baseline 0.003 -15"><span class='ocrx_word' id='word_1_6' title='bbox 91 265 126 298; x_wconf 67' lang='lat' dir='ltr'>a</span> <span class='ocrx_word' id='word_1_7' title='bbox 159 243 275 298; x_wconf 58' lang='lat' dir='ltr'>&#39;ribus</span> <span class='ocrx_word' id='word_1_8' title='bbox 292 242 484 311; x_wconf 82' lang='lat' dir='ltr'>vsurpata</span> <span class='ocrx_word' id='word_1_9' title='bbox 497 245 797 293; x_wconf 79' lang='lat' dir='ltr'>castrametatio</span> <span class='ocrx_word' id='word_1_10' title='bbox 811 244 887 292; x_wconf 92' lang='lat' dir='ltr'>sub</span> <span class='ocrx_word' id='word_1_11' title='bbox 905 245 1054 293; x_wconf 87' lang='lat' dir='ltr'>eodem</span> <span class='ocrx_word' id='word_1_12' title='bbox 1073 246 1186 293; x_wconf 90' lang='lat' dir='ltr'>vallo</span> <span class='ocrx_word' id='word_1_13' title='bbox 1202 276 1216 300; x_wconf 87' lang='lat'>,</span> <span class='ocrx_word' id='word_1_14' title='bbox 1236 243 1289 292; x_wconf 77' lang='lat' dir='ltr'>eo</span> <span class='ocrx_word' id='word_1_15' title='bbox 1304 246 1437 312; x_wconf 82' lang='lat' dir='ltr'>magis</span> <span class='ocrx_word' id='word_1_16' title='bbox 1450 247 1712 313; x_wconf 85' lang='lat' dir='ltr'>explodenda</span> <span class='ocrx_word' id='word_1_17' title='bbox 1726 251 1815 299; x_wconf 85' lang='lat' dir='ltr'>haec</span> <span class='ocrx_word' id='word_1_18' title='bbox 1826 284 1839 307; x_wconf 92' lang='lat'>‚</span> <span class='ocrx_word' id='word_1_19' title='bbox 1854 257 1986 310; x_wconf 77' lang='lat' dir='ltr'>veluti</span> 
     </span>
     <span class='ocr_line' id='line_1_3' title="bbox 149 314 1991 386; baseline 0.004 -23"><span class='ocrx_word' id='word_1_20' title='bbox 149 335 233 383; x_wconf 20' lang='lat' dir='ltr'>*per</span> <span class='ocrx_word' id='word_1_21' title='bbox 251 316 449 381; x_wconf 79' lang='lat' dir='ltr'>mapalia,</span> <span class='ocrx_word' id='word_1_22' title='bbox 464 316 686 363; x_wconf 89' lang='lat' dir='ltr'>Neoterici</span> <span class='ocrx_word' id='word_1_23' title='bbox 710 314 950 362; x_wconf 90' lang='lat' dir='ltr'>distributio</span> <span class='ocrx_word' id='word_1_24' title='bbox 965 348 975 359; x_wconf 88' lang='lat'><strong>.</strong></span> <span class='ocrx_word' id='word_1_25' title='bbox 1010 316 1132 378; x_wconf 78' lang='lat' dir='ltr'>Qid</span> <span class='ocrx_word' id='word_1_26' title='bbox 1148 329 1292 362; x_wconf 82' lang='lat' dir='ltr'>autem</span> <span class='ocrx_word' id='word_1_27' title='bbox 1308 317 1397 364; x_wconf 85' lang='lat' dir='ltr'>haec</span> <span class='ocrx_word' id='word_1_28' title='bbox 1426 318 1672 366; x_wconf 88' lang='lat' dir='ltr'>Castrorum</span> <span class='ocrx_word' id='word_1_29' title='bbox 1689 322 1991 386; x_wconf 77' lang='lat' dir='ltr'>multiplicatio</span> 
     </span>
     <span class='ocr_line' id='line_1_4' title="bbox 148 383 1989 452; baseline 0.002 -20"><span class='ocrx_word' id='word_1_30' title='bbox 148 386 236 435; x_wconf 47' lang='lat' dir='ltr'>&gt;fibi</span> <span class='ocrx_word' id='word_1_31' title='bbox 252 386 381 440; x_wconf 86' lang='lat' dir='ltr'>velit,</span> <span class='ocrx_word' id='word_1_32' title='bbox 397 388 482 432; x_wconf 88' lang='lat' dir='ltr'>iam</span> <span class='ocrx_word' id='word_1_33' title='bbox 507 384 633 432; x_wconf 89' lang='lat' dir='ltr'>attuli</span> <span class='ocrx_word' id='word_1_34' title='bbox 656 388 762 447; x_wconf 85' lang='lat' dir='ltr'><strong>Cap.</strong></span> <span class='ocrx_word' id='word_1_35' title='bbox 780 383 1010 452; x_wconf 83' lang='lat' dir='ltr'>superiori,</span> <span class='ocrx_word' id='word_1_36' title='bbox 1030 401 1171 449; x_wconf 87' lang='lat' dir='ltr'>neque</span> <span class='ocrx_word' id='word_1_37' title='bbox 1185 384 1253 431; x_wconf 76' lang='lat' dir='ltr'>hic</span> <span class='ocrx_word' id='word_1_38' title='bbox 1267 401 1456 450; x_wconf 84' lang='lat' dir='ltr'>repetam</span> <span class='ocrx_word' id='word_1_39' title='bbox 1472 406 1486 444; x_wconf 83' lang='lat'><em>3</em></span> <span class='ocrx_word' id='word_1_40' title='bbox 1502 386 1572 435; x_wconf 88' lang='lat' dir='ltr'>sed</span> <span class='ocrx_word' id='word_1_41' title='bbox 1594 387 1636 434; x_wconf 91' lang='lat' dir='ltr'>id</span> <span class='ocrx_word' id='word_1_42' title='bbox 1650 389 1817 437; x_wconf 73' lang='lat' dir='ltr'>tantum</span> <span class='ocrx_word' id='word_1_43' title='bbox 1832 391 1989 444; x_wconf 72' lang='lat' dir='ltr'>subne-</span> 
     </span>
     <span class='ocr_line' id='line_1_5' title="bbox 158 454 1987 524; baseline 0.004 -22"><span class='ocrx_word' id='word_1_44' title='bbox 158 459 272 504; x_wconf 65' lang='lat' dir='ltr'>&amp;am</span> <span class='ocrx_word' id='word_1_45' title='bbox 283 486 298 510; x_wconf 85' lang='lat'>‚</span> <span class='ocrx_word' id='word_1_46' title='bbox 308 472 384 519; x_wconf 87' lang='lat' dir='ltr'>per</span> <span class='ocrx_word' id='word_1_47' title='bbox 399 455 555 502; x_wconf 86' lang='lat' dir='ltr'>milites</span> <span class='ocrx_word' id='word_1_48' title='bbox 569 454 664 500; x_wconf 91' lang='lat' dir='ltr'>illos</span> <span class='ocrx_word' id='word_1_49' title='bbox 682 471 801 501; x_wconf 91' lang='lat' dir='ltr'>num.</span> <span class='ocrx_word' id='word_1_50' title='bbox 830 473 848 504; x_wconf 87' lang='lat'>1</span> <span class='ocrx_word' id='word_1_51' title='bbox 859 473 937 518; x_wconf 79' lang='lat'>04.</span> <span class='ocrx_word' id='word_1_52' title='bbox 951 454 1080 502; x_wconf 86' lang='lat' dir='ltr'>veluti</span> <span class='ocrx_word' id='word_1_53' title='bbox 1098 454 1291 502; x_wconf 86' lang='lat' dir='ltr'>excubias</span> <span class='ocrx_word' id='word_1_54' title='bbox 1305 470 1474 520; x_wconf 83' lang='lat' dir='ltr'>agentes</span> <span class='ocrx_word' id='word_1_55' title='bbox 1488 488 1502 512; x_wconf 84' lang='lat'>,</span> <span class='ocrx_word' id='word_1_56' title='bbox 1514 475 1605 504; x_wconf 89' lang='lat' dir='ltr'>eam</span> <span class='ocrx_word' id='word_1_57' title='bbox 1622 458 1809 506; x_wconf 89' lang='lat' dir='ltr'>militum</span> <span class='ocrx_word' id='word_1_58' title='bbox 1824 476 1987 524; x_wconf 84' lang='lat' dir='ltr'>partem</span> 
     </span>
     <span class='ocr_line' id='line_1_6' title="bbox 161 521 1986 592; baseline 0.004 -19"><span class='ocrx_word' id='word_1_59' title='bbox 161 525 385 590; x_wconf 74' lang='lat' dir='ltr'>designari,</span> <span class='ocrx_word' id='word_1_60' title='bbox 404 542 478 588; x_wconf 79' lang='lat' dir='ltr'>quae</span> <span class='ocrx_word' id='word_1_61' title='bbox 503 541 654 570; x_wconf 82' lang='lat' dir='ltr'>vacans</span> <span class='ocrx_word' id='word_1_62' title='bbox 670 521 718 569; x_wconf 78' lang='lat' dir='ltr'>ab</span> <span class='ocrx_word' id='word_1_63' title='bbox 745 539 852 589; x_wconf 83' lang='lat' dir='ltr'>opere</span> <span class='ocrx_word' id='word_1_64' title='bbox 866 554 880 578; x_wconf 83' lang='lat'>,</span> <span class='ocrx_word' id='word_1_65' title='bbox 901 524 955 570; x_wconf 81' lang='lat' dir='ltr'>ad</span> <span class='ocrx_word' id='word_1_66' title='bbox 964 522 1283 590; x_wconf 75' lang='lat' dir='ltr'>propulsandum</span> <span class='ocrx_word' id='word_1_67' title='bbox 1309 523 1474 592; x_wconf 74' lang='lat' dir='ltr'>hostium</span> <span class='ocrx_word' id='word_1_68' title='bbox 1489 527 1689 590; x_wconf 77' lang='lat' dir='ltr'>incursum</span> <span class='ocrx_word' id='word_1_69' title='bbox 1713 527 1921 577; x_wconf 70' lang='lat' dir='ltr'>ordinatur</span> <span class='ocrx_word' id='word_1_70' title='bbox 1943 538 1986 581; x_wconf 77' lang='lat' dir='ltr'>in</span> 
     </span>
     <span class='ocr_line' id='line_1_7' title="bbox 161 592 1986 657; baseline 0.004 -18"><span class='ocrx_word' id='word_1_71' title='bbox 161 602 264 645; x_wconf 70' lang='lat' dir='ltr'>acie,</span> <span class='ocrx_word' id='word_1_72' title='bbox 292 602 350 643; x_wconf 58' lang='grc' dir='ltr'>ξφ</span> <span class='ocrx_word' id='word_1_73' title='bbox 376 593 471 656; x_wconf 82' lang='lat' dir='ltr'>ipsos</span> <span class='ocrx_word' id='word_1_74' title='bbox 489 598 662 657; x_wconf 76' lang='lat' dir='ltr'>protegit</span> <span class='ocrx_word' id='word_1_75' title='bbox 676 608 871 653; x_wconf 82' lang='lat' dir='ltr'>operantes</span> <span class='ocrx_word' id='word_1_76' title='bbox 894 623 907 645; x_wconf 83' lang='lat'>‚</span> <span class='ocrx_word' id='word_1_77' title='bbox 934 607 981 641; x_wconf 91' lang='lat' dir='ltr'>vt</span> <span class='ocrx_word' id='word_1_78' title='bbox 996 592 1108 640; x_wconf 85' lang='lat' dir='ltr'>idem</span> <span class='ocrx_word' id='word_1_79' title='bbox 1127 595 1332 656; x_wconf 88' lang='lat' dir='ltr'>Vegetius</span> <span class='ocrx_word' id='word_1_80' title='bbox 1347 596 1475 640; x_wconf 80' lang='lat' dir='ltr'>citato</span> <span class='ocrx_word' id='word_1_81' title='bbox 1494 595 1564 641; x_wconf 90' lang='lat' dir='ltr'>lib.</span> <span class='ocrx_word' id='word_1_82' title='bbox 1583 601 1698 644; x_wconf 89' lang='lat' dir='ltr'><strong>VIII.</strong></span> <span class='ocrx_word' id='word_1_83' title='bbox 1715 597 1986 653; x_wconf 66' lang='lat' dir='ltr'>faciendum..</span> 
     </span>
    </p>

    <p class='ocr_par' dir='ltr' id='par_1_3' title="bbox 92 659 1987 1076">
     <span class='ocr_line' id='line_1_8' title="bbox 92 659 1982 736; baseline 0.005 -26"><span class='ocrx_word' id='word_1_84' title='bbox 92 679 117 709; x_wconf 67' lang='grc' dir='ltr'><strong><em>Β</em></strong></span> <span class='ocrx_word' id='word_1_85' title='bbox 163 676 331 716; x_wconf 80' lang='lat' dir='ltr'>monet3</span> <span class='ocrx_word' id='word_1_86' title='bbox 351 659 681 725; x_wconf 69' lang='lat' dir='ltr'>exemplumque</span> <span class='ocrx_word' id='word_1_87' title='bbox 697 660 767 707; x_wconf 86' lang='lat' dir='ltr'>dat</span> <span class='ocrx_word' id='word_1_88' title='bbox 786 664 1045 709; x_wconf 85' lang='lat' dir='ltr'>Ammianus</span> <span class='ocrx_word' id='word_1_89' title='bbox 1057 663 1264 712; x_wconf 85' lang='lat' dir='ltr'>lib-XVI·</span> <span class='ocrx_word' id='word_1_90' title='bbox 1285 662 1332 725; x_wconf 81' lang='lat' dir='ltr'>ijs</span> <span class='ocrx_word' id='word_1_91' title='bbox 1355 663 1490 711; x_wconf 87' lang='lat' dir='ltr'>verbis</span> <span class='ocrx_word' id='word_1_92' title='bbox 1503 695 1517 719; x_wconf 82' lang='lat'>,</span> <span class='ocrx_word' id='word_1_93' title='bbox 1530 665 1629 713; x_wconf 80' lang='lat' dir='ltr'>dum</span> <span class='ocrx_word' id='word_1_94' title='bbox 1641 668 1863 730; x_wconf 84' lang='lat' dir='ltr'>Castrorum</span> <span class='ocrx_word' id='word_1_95' title='bbox 1875 687 1982 736; x_wconf 82' lang='lat' dir='ltr'>opera</span> 
     </span>
     <span class='ocr_line' id='line_1_9' title="bbox 161 729 1860 797; baseline -0.001 -17"><span class='ocrx_word' id='word_1_96' title='bbox 161 732 312 780; x_wconf 64' lang='lat' dir='ltr'>mature</span> <span class='ocrx_word' id='word_1_97' title='bbox 326 731 585 794; x_wconf 76' lang='lat' dir='ltr'>consurgunt,</span> <span class='ocrx_word' id='word_1_98' title='bbox 609 731 748 778; x_wconf 81' lang='lat' dir='ltr'>militis</span> <span class='ocrx_word' id='word_1_99' title='bbox 757 747 851 796; x_wconf 86' lang='lat' dir='ltr'>pars</span> <span class='ocrx_word' id='word_1_100' title='bbox 869 733 1058 796; x_wconf 77' lang='lat' dir='ltr'>stationes</span> <span class='ocrx_word' id='word_1_101' title='bbox 1081 729 1290 795; x_wconf 50' lang='lat' dir='ltr'>pretendit</span> <span class='ocrx_word' id='word_1_102' title='bbox 1308 740 1477 797; x_wconf 79' lang='lat' dir='ltr'>agrarias</span> <span class='ocrx_word' id='word_1_103' title='bbox 1493 767 1505 778; x_wconf 89' lang='lat'>.</span> <span class='ocrx_word' id='word_1_104' title='bbox 1857 763 1860 766; x_wconf 87' lang='lat'><strong>·</strong></span> 
     </span>
     <span class='ocr_line' id='line_1_10' title="bbox 148 798 1987 874; baseline 0.005 -28"><span class='ocrx_word' id='word_1_105' title='bbox 148 824 156 830; x_wconf 70' lang='lat'>=</span> <span class='ocrx_word' id='word_1_106' title='bbox 199 843 202 846; x_wconf 17' lang='grc' dir='ltr'><strong>Α</strong></span> <span class='ocrx_word' id='word_1_107' title='bbox 226 801 346 848; x_wconf 84' lang='lat' dir='ltr'>Idem</span> <span class='ocrx_word' id='word_1_108' title='bbox 361 798 541 847; x_wconf 81' lang='lat' dir='ltr'>dixerim</span> <span class='ocrx_word' id='word_1_109' title='bbox 555 798 605 845; x_wconf 92' lang='lat' dir='ltr'>de</span> <span class='ocrx_word' id='word_1_110' title='bbox 621 802 837 849; x_wconf 79' lang='lat' dir='ltr'>Veteranis</span> <span class='ocrx_word' id='word_1_111' title='bbox 854 808 896 846; x_wconf 83' lang='lat'>&amp;</span> <span class='ocrx_word' id='word_1_112' title='bbox 912 801 1109 860; x_wconf 80' lang='lat' dir='ltr'>Triarijs3</span> <span class='ocrx_word' id='word_1_113' title='bbox 1127 817 1228 849; x_wconf 87' lang='lat' dir='ltr'>nam</span> <span class='ocrx_word' id='word_1_114' title='bbox 1246 801 1354 848; x_wconf 89' lang='lat' dir='ltr'>nihil</span> <span class='ocrx_word' id='word_1_115' title='bbox 1373 805 1413 848; x_wconf 86' lang='lat' dir='ltr'>in</span> <span class='ocrx_word' id='word_1_116' title='bbox 1437 800 1482 861; x_wconf 87' lang='lat' dir='ltr'>ijs</span> <span class='ocrx_word' id='word_1_117' title='bbox 1505 801 1657 851; x_wconf 74' lang='lat' dir='ltr'>diuersi</span> <span class='ocrx_word' id='word_1_118' title='bbox 1675 802 1727 850; x_wconf 88' lang='lat' dir='ltr'>ab</span> <span class='ocrx_word' id='word_1_119' title='bbox 1747 807 1838 868; x_wconf 89' lang='lat' dir='ltr'>alijs</span> <span class='ocrx_word' id='word_1_120' title='bbox 1852 808 1987 874; x_wconf 72' lang='lat' dir='ltr'>legi02</span> 
     </span>
     <span class='ocr_line' id='line_1_11' title="bbox 155 868 1986 935; baseline 0.005 -18"><span class='ocrx_word' id='word_1_121' title='bbox 155 870 283 931; x_wconf 80' lang='lat' dir='ltr'>narijs</span> <span class='ocrx_word' id='word_1_122' title='bbox 300 869 507 916; x_wconf 76' lang='lat' dir='ltr'>militibus</span> <span class='ocrx_word' id='word_1_123' title='bbox 520 868 854 916; x_wconf 88' lang='lat' dir='ltr'>animaduertere</span> <span class='ocrx_word' id='word_1_124' title='bbox 870 869 956 915; x_wconf 90' lang='lat' dir='ltr'>scio</span> <span class='ocrx_word' id='word_1_125' title='bbox 973 900 986 922; x_wconf 81' lang='lat'>,</span> <span class='ocrx_word' id='word_1_126' title='bbox 1004 888 1076 935; x_wconf 88' lang='lat' dir='ltr'>per</span> <span class='ocrx_word' id='word_1_127' title='bbox 1095 869 1215 935; x_wconf 89' lang='lat' dir='ltr'>quod</span> <span class='ocrx_word' id='word_1_128' title='bbox 1231 874 1291 919; x_wconf 85' lang='lat' dir='ltr'>ita</span> <span class='ocrx_word' id='word_1_129' title='bbox 1306 869 1577 919; x_wconf 86' lang='lat' dir='ltr'>denominari</span> <span class='ocrx_word' id='word_1_130' title='bbox 1600 890 1842 923; x_wconf 90' lang='lat' dir='ltr'>mereantur</span> <span class='ocrx_word' id='word_1_131' title='bbox 1858 895 1869 923; x_wconf 79' lang='lat' dir='ltr'>t</span> <span class='ocrx_word' id='word_1_132' title='bbox 1888 881 1986 926; x_wconf 77' lang='lat' dir='ltr'>Imo</span> 
     </span>
     <span class='ocr_line' id='line_1_12' title="bbox 156 937 1986 1010; baseline 0.005 -24"><span class='ocrx_word' id='word_1_133' title='bbox 156 954 204 986; x_wconf 87' lang='lat' dir='ltr'>vt</span> <span class='ocrx_word' id='word_1_134' title='bbox 216 939 365 986; x_wconf 89' lang='lat' dir='ltr'>habitu</span> <span class='ocrx_word' id='word_1_135' title='bbox 393 943 502 986; x_wconf 89' lang='lat' dir='ltr'>inter</span> <span class='ocrx_word' id='word_1_136' title='bbox 524 939 565 985; x_wconf 85' lang='lat' dir='ltr'>se</span> <span class='ocrx_word' id='word_1_137' title='bbox 580 937 781 986; x_wconf 86' lang='lat' dir='ltr'>differunt</span> <span class='ocrx_word' id='word_1_138' title='bbox 796 940 848 1000; x_wconf 85' lang='lat' dir='ltr'>ij,</span> <span class='ocrx_word' id='word_1_139' title='bbox 867 941 941 1003; x_wconf 90' lang='lat' dir='ltr'>qui</span> <span class='ocrx_word' id='word_1_140' title='bbox 960 941 1159 987; x_wconf 85' lang='lat' dir='ltr'>Veterani</span> <span class='ocrx_word' id='word_1_141' title='bbox 1176 939 1319 1003; x_wconf 78' lang='lat' dir='ltr'>primo</span> <span class='ocrx_word' id='word_1_142' title='bbox 1337 955 1547 988; x_wconf 89' lang='lat' dir='ltr'>vocantur</span> <span class='ocrx_word' id='word_1_143' title='bbox 1559 959 1680 989; x_wconf 92' lang='lat' dir='ltr'>num.</span> <span class='ocrx_word' id='word_1_144' title='bbox 1698 961 1779 1002; x_wconf 88' lang='lat'>97.</span> <span class='ocrx_word' id='word_1_145' title='bbox 1794 976 1809 1000; x_wconf 57' lang='lat' dir='ltr'>s</span> <span class='ocrx_word' id='word_1_146' title='bbox 1826 947 1879 993; x_wconf 87' lang='lat' dir='ltr'>ab</span> <span class='ocrx_word' id='word_1_147' title='bbox 1893 949 1986 1010; x_wconf 72' lang='lat' dir='ltr'>aliis</span> 
     </span>
     <span class='ocr_line' id='line_1_13' title="bbox 159 1006 1986 1076; baseline 0.005 -20"><span class='ocrx_word' id='word_1_148' title='bbox 159 1028 277 1057; x_wconf 83' lang='lat' dir='ltr'>num.</span> <span class='ocrx_word' id='word_1_149' title='bbox 295 1029 322 1058; x_wconf 84' lang='lat'><em>2</em></span> <span class='ocrx_word' id='word_1_150' title='bbox 334 1027 355 1074; x_wconf 86' lang='lat'><em>5</em></span> <span class='ocrx_word' id='word_1_151' title='bbox 367 1027 409 1063; x_wconf 76' lang='lat'>9.</span> <span class='ocrx_word' id='word_1_152' title='bbox 424 1040 437 1063; x_wconf 81' lang='lat'>,</span> <span class='ocrx_word' id='word_1_153' title='bbox 455 1017 473 1072; x_wconf 93' lang='lat'><strong>(</strong></span> <span class='ocrx_word' id='word_1_154' title='bbox 487 1008 530 1056; x_wconf 90' lang='lat' dir='ltr'>hi</span> <span class='ocrx_word' id='word_1_155' title='bbox 545 1010 660 1055; x_wconf 91' lang='lat' dir='ltr'>enim</span> <span class='ocrx_word' id='word_1_156' title='bbox 675 1006 809 1061; x_wconf 83' lang='lat' dir='ltr'>scuto,</span> <span class='ocrx_word' id='word_1_157' title='bbox 820 1016 862 1055; x_wconf 74' lang='lat' dir='ltr'>S&lt;</span> <span class='ocrx_word' id='word_1_158' title='bbox 877 1008 1005 1055; x_wconf 65' lang='lat' dir='ltr'>lorica</span> <span class='ocrx_word' id='word_1_159' title='bbox 1020 1008 1281 1074; x_wconf 69' lang='lat' dir='ltr'>segmentatz&#39;i</span> <span class='ocrx_word' id='word_1_160' title='bbox 1295 1040 1308 1063; x_wconf 82' lang='lat'>,</span> <span class='ocrx_word' id='word_1_161' title='bbox 1324 1010 1389 1070; x_wconf 81' lang='lat' dir='ltr'>alij</span> <span class='ocrx_word' id='word_1_162' title='bbox 1403 1011 1573 1075; x_wconf 78' lang='lat' dir='ltr'>clypeO,</span> <span class='ocrx_word' id='word_1_163' title='bbox 1587 1019 1629 1058; x_wconf 68' lang='lat' dir='ltr'>S&lt;</span> <span class='ocrx_word' id='word_1_164' title='bbox 1643 1011 1801 1076; x_wconf 81' lang='lat' dir='ltr'>duplici</span> <span class='ocrx_word' id='word_1_165' title='bbox 1814 1015 1986 1065; x_wconf 86' lang='lat' dir='ltr'>thorace</span> 
     </span>
    </p>

    <p class='ocr_par' dir='ltr' id='par_1_4' title="bbox 86 1077 1988 1422">
     <span class='ocr_line' id='line_1_14' title="bbox 86 1077 1988 1149; baseline 0.001 -18"><span class='ocrx_word' id='word_1_166' title='bbox 86 1102 116 1131; x_wconf 83' lang='lat' dir='ltr'>c</span> <span class='ocrx_word' id='word_1_167' title='bbox 155 1081 415 1127; x_wconf 84' lang='lat' dir='ltr'>muniuntur</span> <span class='ocrx_word' id='word_1_168' title='bbox 431 1109 445 1133; x_wconf 86' lang='lat'>,</span> <span class='ocrx_word' id='word_1_169' title='bbox 471 1095 517 1123; x_wconf 85' lang='lat' dir='ltr'>ac</span> <span class='ocrx_word' id='word_1_170' title='bbox 533 1077 702 1142; x_wconf 84' lang='lat' dir='ltr'>insuper</span> <span class='ocrx_word' id='word_1_171' title='bbox 720 1077 992 1143; x_wconf 85' lang='lat' dir='ltr'>chlamydem</span> <span class='ocrx_word' id='word_1_172' title='bbox 1008 1082 1195 1142; x_wconf 88' lang='lat' dir='ltr'>gerunt)</span> <span class='ocrx_word' id='word_1_173' title='bbox 1228 1082 1313 1132; x_wconf 87' lang='lat' dir='ltr'>ita,</span> <span class='ocrx_word' id='word_1_174' title='bbox 1339 1080 1455 1127; x_wconf 66' lang='lat' dir='ltr'>nullc‘i</span> <span class='ocrx_word' id='word_1_175' title='bbox 1473 1082 1672 1129; x_wconf 87' lang='lat' dir='ltr'>varietate</span> <span class='ocrx_word' id='word_1_176' title='bbox 1698 1082 1988 1149; x_wconf 82' lang='lat' dir='ltr'>distinguntur</span> 
     </span>
     <span class='ocr_line' id='line_1_15' title="bbox 156 1146 1986 1216; baseline 0.003 -20"><span class='ocrx_word' id='word_1_177' title='bbox 156 1150 354 1199; x_wconf 78' lang='lat' dir='ltr'>Veterani</span> <span class='ocrx_word' id='word_1_178' title='bbox 374 1148 557 1194; x_wconf 78' lang='lat' dir='ltr'>binum.</span> <span class='ocrx_word' id='word_1_179' title='bbox 577 1165 688 1214; x_wconf 85' lang='lat'>259.</span> <span class='ocrx_word' id='word_1_180' title='bbox 706 1178 720 1200; x_wconf 81' lang='lat'>,</span> <span class='ocrx_word' id='word_1_181' title='bbox 740 1146 811 1194; x_wconf 88' lang='lat' dir='ltr'>seu</span> <span class='ocrx_word' id='word_1_182' title='bbox 830 1149 943 1201; x_wconf 87' lang='lat'>296.</span> <span class='ocrx_word' id='word_1_183' title='bbox 959 1148 981 1194; x_wconf 71' lang='lat' dir='ltr'>a</span> <span class='ocrx_word' id='word_1_184' title='bbox 1004 1149 1180 1208; x_wconf 87' lang='lat' dir='ltr'>Triarijs</span> <span class='ocrx_word' id='word_1_185' title='bbox 1195 1165 1316 1196; x_wconf 87' lang='lat' dir='ltr'>num·</span> <span class='ocrx_word' id='word_1_186' title='bbox 1336 1154 1447 1197; x_wconf 81' lang='lat'><em>208.</em></span> <span class='ocrx_word' id='word_1_187' title='bbox 1477 1151 1544 1197; x_wconf 86' lang='lat' dir='ltr'>vel</span> <span class='ocrx_word' id='word_1_188' title='bbox 1559 1154 1667 1205; x_wconf 83' lang='lat'>269.</span> <span class='ocrx_word' id='word_1_189' title='bbox 1681 1181 1693 1202; x_wconf 82' lang='lat'><strong>‚</strong></span> <span class='ocrx_word' id='word_1_190' title='bbox 1711 1168 1790 1199; x_wconf 91' lang='lat' dir='ltr'>nec</span> <span class='ocrx_word' id='word_1_191' title='bbox 1806 1157 1956 1216; x_wconf 85' lang='lat' dir='ltr'>Triarij</span> <span class='ocrx_word' id='word_1_192' title='bbox 1970 1188 1986 1210; x_wconf 85' lang='lat'>‚</span> 
     </span>
     <span class='ocr_line' id='line_1_16' title="bbox 157 1217 1984 1289; baseline 0.004 -26"><span class='ocrx_word' id='word_1_193' title='bbox 157 1219 242 1266; x_wconf 73' lang='lat' dir='ltr'>siue</span> <span class='ocrx_word' id='word_1_194' title='bbox 262 1219 394 1264; x_wconf 88' lang='lat' dir='ltr'>mauis</span> <span class='ocrx_word' id='word_1_195' title='bbox 416 1219 617 1265; x_wconf 81' lang='lat' dir='ltr'>Veterani</span> <span class='ocrx_word' id='word_1_196' title='bbox 648 1220 669 1263; x_wconf 65' lang='lat' dir='ltr'>ax</span> <span class='ocrx_word' id='word_1_197' title='bbox 686 1219 948 1264; x_wconf 88' lang='lat' dir='ltr'>Pretorianis</span> <span class='ocrx_word' id='word_1_198' title='bbox 964 1234 1084 1264; x_wconf 76' lang='lat' dir='ltr'>num·</span> <span class='ocrx_word' id='word_1_199' title='bbox 1111 1237 1126 1267; x_wconf 84' lang='lat'>1</span> <span class='ocrx_word' id='word_1_200' title='bbox 1139 1233 1217 1275; x_wconf 81' lang='lat'>04·</span> <span class='ocrx_word' id='word_1_201' title='bbox 1237 1217 1360 1280; x_wconf 86' lang='lat' dir='ltr'>Qid</span> <span class='ocrx_word' id='word_1_202' title='bbox 1376 1218 1492 1265; x_wconf 89' lang='lat' dir='ltr'>aliud</span> <span class='ocrx_word' id='word_1_203' title='bbox 1510 1221 1639 1283; x_wconf 83' lang='lat' dir='ltr'>igitur</span> <span class='ocrx_word' id='word_1_204' title='bbox 1654 1220 1735 1267; x_wconf 93' lang='lat' dir='ltr'>hoc</span> <span class='ocrx_word' id='word_1_205' title='bbox 1752 1224 1833 1278; x_wconf 81' lang='lat' dir='ltr'>est,</span> <span class='ocrx_word' id='word_1_206' title='bbox 1847 1226 1984 1289; x_wconf 64' lang='lat' dir='ltr'>quam</span> 
     </span>
     <span class='ocr_line' id='line_1_17' title="bbox 154 1285 1986 1351; baseline 0.005 -17"><span class='ocrx_word' id='word_1_207' title='bbox 154 1286 331 1334; x_wconf 68' lang='lat' dir='ltr'>indo-stis</span> <span class='ocrx_word' id='word_1_208' title='bbox 348 1288 594 1351; x_wconf 82' lang='lat' dir='ltr'>imponere,</span> <span class='ocrx_word' id='word_1_209' title='bbox 622 1294 666 1334; x_wconf 71' lang='grc' dir='ltr'>δε</span> <span class='ocrx_word' id='word_1_210' title='bbox 682 1290 803 1333; x_wconf 84' lang='lat' dir='ltr'>vanis</span> <span class='ocrx_word' id='word_1_211' title='bbox 817 1303 863 1333; x_wconf 91' lang='lat' dir='ltr'>ac</span> <span class='ocrx_word' id='word_1_212' title='bbox 880 1285 1081 1335; x_wconf 87' lang='lat' dir='ltr'>obsoletis</span> <span class='ocrx_word' id='word_1_213' title='bbox 1107 1288 1362 1334; x_wconf 87' lang='lat' dir='ltr'>nominibus</span> <span class='ocrx_word' id='word_1_214' title='bbox 1380 1288 1664 1336; x_wconf 84' lang='lat' dir='ltr'>eruditionem</span> <span class='ocrx_word' id='word_1_215' title='bbox 1689 1290 1894 1341; x_wconf 88' lang='lat' dir='ltr'>ostentare</span> <span class='ocrx_word' id='word_1_216' title='bbox 1908 1326 1924 1350; x_wconf 87' lang='lat'>‚</span> <span class='ocrx_word' id='word_1_217' title='bbox 1941 1304 1986 1344; x_wconf 75' lang='grc' dir='ltr'>δε</span> 
     </span>
     <span class='ocr_line' id='line_1_18' title="bbox 151 1354 1988 1422; baseline 0.004 -18"><span class='ocrx_word' id='word_1_218' title='bbox 151 1355 393 1404; x_wconf 89' lang='lat' dir='ltr'>credulitate</span> <span class='ocrx_word' id='word_1_219' title='bbox 419 1358 651 1420; x_wconf 85' lang='lat' dir='ltr'>legentium</span> <span class='ocrx_word' id='word_1_220' title='bbox 680 1356 799 1402; x_wconf 77' lang='lat' dir='ltr'>abuti</span> <span class='ocrx_word' id='word_1_221' title='bbox 818 1357 833 1404; x_wconf 71' lang='grc' dir='ltr'>ἔ</span> <span class='ocrx_word' id='word_1_222' title='bbox 866 1354 1065 1403; x_wconf 86' lang='lat' dir='ltr'>obsoletis</span> <span class='ocrx_word' id='word_1_223' title='bbox 1091 1359 1272 1421; x_wconf 85' lang='lat' dir='ltr'>inquam</span> <span class='ocrx_word' id='word_1_224' title='bbox 1287 1387 1301 1411; x_wconf 85' lang='lat'>‚</span> <span class='ocrx_word' id='word_1_225' title='bbox 1322 1360 1423 1422; x_wconf 87' lang='lat' dir='ltr'>quia</span> <span class='ocrx_word' id='word_1_226' title='bbox 1443 1359 1705 1407; x_wconf 85' lang='lat' dir='ltr'>Triariorum</span> <span class='ocrx_word' id='word_1_227' title='bbox 1723 1377 1886 1409; x_wconf 90' lang='lat' dir='ltr'>nomen</span> <span class='ocrx_word' id='word_1_228' title='bbox 1900 1363 1988 1420; x_wconf 65' lang='lat' dir='ltr'>hoq</span> 
     </span>
    </p>

    <p class='ocr_par' dir='ltr' id='par_1_5' title="bbox 154 1424 1988 1491">
     <span class='ocr_line' id='line_1_19' title="bbox 154 1424 1988 1491; baseline 0.004 -18"><span class='ocrx_word' id='word_1_229' title='bbox 154 1428 327 1473; x_wconf 86' lang='lat' dir='ltr'>Traiani</span> <span class='ocrx_word' id='word_1_230' title='bbox 344 1441 537 1491; x_wconf 85' lang='lat' dir='ltr'>tempore</span> <span class='ocrx_word' id='word_1_231' title='bbox 553 1424 575 1470; x_wconf 71' lang='lat' dir='ltr'>a</span> <span class='ocrx_word' id='word_1_232' title='bbox 589 1425 744 1473; x_wconf 68' lang='lat' dir='ltr'>militia</span> <span class='ocrx_word' id='word_1_233' title='bbox 760 1424 978 1479; x_wconf 78' lang='lat' dir='ltr'>recessiffe‚</span> <span class='ocrx_word' id='word_1_234' title='bbox 993 1425 1223 1491; x_wconf 87' lang='lat' dir='ltr'>plusquam</span> <span class='ocrx_word' id='word_1_235' title='bbox 1239 1425 1440 1473; x_wconf 88' lang='lat' dir='ltr'>credibile</span> <span class='ocrx_word' id='word_1_236' title='bbox 1453 1427 1523 1481; x_wconf 74' lang='lat' dir='ltr'>est3</span> <span class='ocrx_word' id='word_1_237' title='bbox 1537 1445 1638 1476; x_wconf 85' lang='lat' dir='ltr'>nam</span> <span class='ocrx_word' id='word_1_238' title='bbox 1654 1433 1801 1479; x_wconf 89' lang='lat' dir='ltr'>Liuius</span> <span class='ocrx_word' id='word_1_239' title='bbox 1815 1441 1858 1479; x_wconf 64' lang='grc' dir='ltr'>δέ</span> <span class='ocrx_word' id='word_1_240' title='bbox 1869 1426 1988 1481; x_wconf 68' lang='lat' dir='ltr'>Dio-&#39;¹&#39;</span> 
     </span>
    </p>

    <p class='ocr_par' dir='ltr' id='par_1_6' title="bbox 88 1493 1985 1914">
     <span class='ocr_line' id='line_1_20' title="bbox 88 1493 1984 1562; baseline 0.005 -21"><span class='ocrx_word' id='word_1_241' title='bbox 88 1523 121 1553; x_wconf 78' lang='lat'>1&gt;</span> <span class='ocrx_word' id='word_1_242' title='bbox 153 1494 297 1562; x_wconf 80' lang='lat' dir='ltr'>nysius</span> <span class='ocrx_word' id='word_1_243' title='bbox 321 1497 671 1559; x_wconf 86' lang='lat' dir='ltr'>contemporanei</span> <span class='ocrx_word' id='word_1_244' title='bbox 689 1494 915 1548; x_wconf 79' lang='lat' dir='ltr'>authores,</span> <span class='ocrx_word' id='word_1_245' title='bbox 938 1493 992 1541; x_wconf 86' lang='lat' dir='ltr'>de</span> <span class='ocrx_word' id='word_1_246' title='bbox 1018 1512 1168 1542; x_wconf 87' lang='lat' dir='ltr'>eorum</span> <span class='ocrx_word' id='word_1_247' title='bbox 1198 1513 1378 1543; x_wconf 90' lang='lat' dir='ltr'>munere</span> <span class='ocrx_word' id='word_1_248' title='bbox 1401 1495 1668 1554; x_wconf 80' lang='lat' dir='ltr'>discordant,</span> <span class='ocrx_word' id='word_1_249' title='bbox 1695 1498 1802 1548; x_wconf 88' lang='lat' dir='ltr'>dum</span> <span class='ocrx_word' id='word_1_250' title='bbox 1826 1500 1878 1549; x_wconf 92' lang='lat' dir='ltr'>de</span> <span class='ocrx_word' id='word_1_251' title='bbox 1903 1502 1984 1550; x_wconf 85' lang='lat' dir='ltr'>illis</span> 
     </span>
     <span class='ocr_line' id='line_1_21' title="bbox 151 1564 1983 1629; baseline 0.001 -19"><span class='ocrx_word' id='word_1_252' title='bbox 151 1579 328 1629; x_wconf 90' lang='lat' dir='ltr'>vterque</span> <span class='ocrx_word' id='word_1_253' title='bbox 351 1566 551 1613; x_wconf 89' lang='lat' dir='ltr'>meminit</span> <span class='ocrx_word' id='word_1_254' title='bbox 566 1568 668 1611; x_wconf 87' lang='lat' dir='ltr'>circa</span> <span class='ocrx_word' id='word_1_255' title='bbox 686 1564 800 1610; x_wconf 87' lang='lat' dir='ltr'>idem</span> <span class='ocrx_word' id='word_1_256' title='bbox 816 1578 987 1629; x_wconf 89' lang='lat' dir='ltr'>tempus</span> <span class='ocrx_word' id='word_1_257' title='bbox 1007 1566 1112 1612; x_wconf 89' lang='lat' dir='ltr'>Belli</span> <span class='ocrx_word' id='word_1_258' title='bbox 1132 1566 1273 1615; x_wconf 90' lang='lat' dir='ltr'>Latini</span> <span class='ocrx_word' id='word_1_259' title='bbox 1291 1583 1302 1612; x_wconf 74' lang='grc' dir='ltr'><strong><em>ε</em></strong></span> <span class='ocrx_word' id='word_1_260' title='bbox 1329 1568 1476 1613; x_wconf 85' lang='lat' dir='ltr'>Liuius</span> <span class='ocrx_word' id='word_1_261' title='bbox 1504 1570 1619 1615; x_wconf 88' lang='lat' dir='ltr'>enim</span> <span class='ocrx_word' id='word_1_262' title='bbox 1637 1569 1710 1616; x_wconf 85' lang='lat' dir='ltr'>lib.</span> <span class='ocrx_word' id='word_1_263' title='bbox 1727 1574 1845 1619; x_wconf 86' lang='lat' dir='ltr'><strong>VIII.</strong></span> <span class='ocrx_word' id='word_1_264' title='bbox 1863 1589 1983 1620; x_wconf 84' lang='lat' dir='ltr'>com-</span> 
     </span>
     <span class='ocr_line' id='line_1_22' title="bbox 152 1632 1985 1706; baseline 0.004 -23"><span class='ocrx_word' id='word_1_265' title='bbox 152 1634 328 1683; x_wconf 84' lang='lat' dir='ltr'>mendat</span> <span class='ocrx_word' id='word_1_266' title='bbox 345 1651 494 1681; x_wconf 80' lang='lat' dir='ltr'>eorum</span> <span class='ocrx_word' id='word_1_267' title='bbox 516 1633 641 1682; x_wconf 85' lang='lat' dir='ltr'>Vsum</span> <span class='ocrx_word' id='word_1_268' title='bbox 664 1635 709 1680; x_wconf 89' lang='lat' dir='ltr'>in</span> <span class='ocrx_word' id='word_1_269' title='bbox 733 1632 978 1699; x_wconf 88' lang='lat' dir='ltr'>recipiendo</span> <span class='ocrx_word' id='word_1_270' title='bbox 998 1636 1042 1681; x_wconf 90' lang='lat' dir='ltr'>in</span> <span class='ocrx_word' id='word_1_271' title='bbox 1061 1635 1281 1682; x_wconf 83' lang='lat' dir='ltr'>interualla</span> <span class='ocrx_word' id='word_1_272' title='bbox 1298 1633 1472 1683; x_wconf 89' lang='lat' dir='ltr'>suorum</span> <span class='ocrx_word' id='word_1_273' title='bbox 1488 1635 1692 1685; x_wconf 83' lang='lat' dir='ltr'>ordinum</span> <span class='ocrx_word' id='word_1_274' title='bbox 1710 1643 1926 1706; x_wconf 88' lang='lat' dir='ltr'>Principes</span> <span class='ocrx_word' id='word_1_275' title='bbox 1940 1650 1985 1690; x_wconf 54' lang='grc' dir='ltr'>ἃ</span> 
     </span>
     <span class='ocr_line' id='line_1_23' title="bbox 153 1701 1983 1769; baseline 0.001 -19"><span class='ocrx_word' id='word_1_276' title='bbox 153 1703 352 1752; x_wconf 85' lang='lat' dir='ltr'>Hastatos</span> <span class='ocrx_word' id='word_1_277' title='bbox 369 1734 381 1756; x_wconf 78' lang='lat'>,</span> <span class='ocrx_word' id='word_1_278' title='bbox 409 1703 547 1767; x_wconf 75' lang='lat' dir='ltr'>licque</span> <span class='ocrx_word' id='word_1_279' title='bbox 563 1721 756 1769; x_wconf 82' lang='lat' dir='ltr'>pugnam</span> <span class='ocrx_word' id='word_1_280' title='bbox 786 1701 1110 1768; x_wconf 84' lang='lat' dir='ltr'>reintegrando.</span> <span class='ocrx_word' id='word_1_281' title='bbox 1143 1702 1328 1769; x_wconf 87' lang='lat' dir='ltr'>Dionys.</span> <span class='ocrx_word' id='word_1_282' title='bbox 1359 1704 1460 1752; x_wconf 77' lang='lat' dir='ltr'>vero</span> <span class='ocrx_word' id='word_1_283' title='bbox 1485 1706 1558 1752; x_wconf 90' lang='lat' dir='ltr'>lib.</span> <span class='ocrx_word' id='word_1_284' title='bbox 1578 1711 1632 1755; x_wconf 86' lang='lat' dir='ltr'>V.</span> <span class='ocrx_word' id='word_1_285' title='bbox 1650 1738 1664 1761; x_wconf 87' lang='lat'>,</span> <span class='ocrx_word' id='word_1_286' title='bbox 1680 1716 1724 1755; x_wconf 71' lang='grc' dir='ltr'>δε</span> <span class='ocrx_word' id='word_1_287' title='bbox 1743 1709 1880 1757; x_wconf 82' lang='lat' dir='ltr'>rursus</span> <span class='ocrx_word' id='word_1_288' title='bbox 1906 1712 1983 1758; x_wconf 74' lang='lat' dir='ltr'>lib.</span> 
     </span>
     <span class='ocr_line' id='line_1_24' title="bbox 156 1771 1982 1845; baseline 0.003 -23"><span class='ocrx_word' id='word_1_289' title='bbox 156 1776 274 1822; x_wconf 90' lang='lat' dir='ltr'>VIII.</span> <span class='ocrx_word' id='word_1_290' title='bbox 291 1781 333 1820; x_wconf 56' lang='grc' dir='ltr'>δέ</span> <span class='ocrx_word' id='word_1_291' title='bbox 348 1775 424 1820; x_wconf 83' lang='grc' dir='ltr'>ΙΧ.</span> <span class='ocrx_word' id='word_1_292' title='bbox 440 1773 611 1820; x_wconf 71' lang='lat' dir='ltr'>nonnisi</span> <span class='ocrx_word' id='word_1_293' title='bbox 628 1772 679 1819; x_wconf 90' lang='lat' dir='ltr'>ad</span> <span class='ocrx_word' id='word_1_294' title='bbox 692 1771 925 1820; x_wconf 84' lang='lat' dir='ltr'>custodiam</span> <span class='ocrx_word' id='word_1_295' title='bbox 941 1774 1189 1821; x_wconf 86' lang='lat' dir='ltr'>Castrorum</span> <span class='ocrx_word' id='word_1_296' title='bbox 1202 1773 1433 1821; x_wconf 89' lang='lat' dir='ltr'>destinatos</span> <span class='ocrx_word' id='word_1_297' title='bbox 1459 1774 1563 1822; x_wconf 90' lang='lat' dir='ltr'>dicit</span> <span class='ocrx_word' id='word_1_298' title='bbox 1574 1806 1588 1830; x_wconf 84' lang='lat'>,</span> <span class='ocrx_word' id='word_1_299' title='bbox 1603 1780 1730 1824; x_wconf 89' lang='lat' dir='ltr'>etiam</span> <span class='ocrx_word' id='word_1_300' title='bbox 1749 1793 1982 1845; x_wconf 41' lang='lat' dir='ltr'>tempora,</span> 
     </span>
     <span class='ocr_line' id='line_1_25' title="bbox 154 1840 1978 1914; baseline 0.005 -24"><span class='ocrx_word' id='word_1_301' title='bbox 154 1860 310 1909; x_wconf 74' lang='lat' dir='ltr'>pugnae</span> <span class='ocrx_word' id='word_1_302' title='bbox 325 1863 336 1892; x_wconf 70' lang='lat'>5</span> <span class='ocrx_word' id='word_1_303' title='bbox 365 1844 421 1889; x_wconf 83' lang='lat' dir='ltr'>ita</span> <span class='ocrx_word' id='word_1_304' title='bbox 439 1859 484 1890; x_wconf 93' lang='lat' dir='ltr'>vt</span> <span class='ocrx_word' id='word_1_305' title='bbox 501 1861 551 1888; x_wconf 84' lang='lat' dir='ltr'>ex</span> <span class='ocrx_word' id='word_1_306' title='bbox 578 1843 734 1890; x_wconf 91' lang='lat' dir='ltr'>horum</span> <span class='ocrx_word' id='word_1_307' title='bbox 748 1840 953 1888; x_wconf 62' lang='lat' dir='ltr'>discordia</span> <span class='ocrx_word' id='word_1_308' title='bbox 969 1857 1164 1907; x_wconf 85' lang='lat' dir='ltr'>appareat</span> <span class='ocrx_word' id='word_1_309' title='bbox 1177 1874 1192 1898; x_wconf 89' lang='lat'>,</span> <span class='ocrx_word' id='word_1_310' title='bbox 1220 1859 1292 1890; x_wconf 89' lang='lat' dir='ltr'>eos</span> <span class='ocrx_word' id='word_1_311' title='bbox 1322 1860 1413 1890; x_wconf 92' lang='lat' dir='ltr'>non</span> <span class='ocrx_word' id='word_1_312' title='bbox 1434 1843 1486 1892; x_wconf 91' lang='lat' dir='ltr'>de</span> <span class='ocrx_word' id='word_1_313' title='bbox 1503 1845 1659 1895; x_wconf 58' lang='lat' dir='ltr'>militia</span> <span class='ocrx_word' id='word_1_314' title='bbox 1673 1860 1777 1895; x_wconf 87' lang='lat' dir='ltr'>tunc</span> <span class='ocrx_word' id='word_1_315' title='bbox 1791 1849 1978 1914; x_wconf 55' lang='lat' dir='ltr'>vigente)</span> 
     </span>
    </p>

    <p class='ocr_par' dir='ltr' id='par_1_7' title="bbox 88 1910 1982 2194">
     <span class='ocr_line' id='line_1_26' title="bbox 88 1910 1982 1978; baseline 0.005 -19"><span class='ocrx_word' id='word_1_316' title='bbox 88 1916 112 1964; x_wconf 65' lang='lat' dir='ltr'>E</span> <span class='ocrx_word' id='word_1_317' title='bbox 158 1914 363 1977; x_wconf 89' lang='lat' dir='ltr'>loquutos</span> <span class='ocrx_word' id='word_1_318' title='bbox 375 1944 389 1968; x_wconf 86' lang='lat'>‚</span> <span class='ocrx_word' id='word_1_319' title='bbox 412 1911 464 1957; x_wconf 86' lang='lat' dir='ltr'>de</span> <span class='ocrx_word' id='word_1_320' title='bbox 481 1911 569 1976; x_wconf 62' lang='lat' dir='ltr'>qua</span> <span class='ocrx_word' id='word_1_321' title='bbox 586 1912 768 1959; x_wconf 74' lang='lat' dir='ltr'>minime</span> <span class='ocrx_word' id='word_1_322' title='bbox 790 1925 988 1975; x_wconf 89' lang='lat' dir='ltr'>poterant</span> <span class='ocrx_word' id='word_1_323' title='bbox 1005 1910 1112 1958; x_wconf 78' lang='lat' dir='ltr'>adeo</span> <span class='ocrx_word' id='word_1_324' title='bbox 1132 1911 1208 1960; x_wconf 82' lang='lat' dir='ltr'>effe</span> <span class='ocrx_word' id='word_1_325' title='bbox 1223 1915 1357 1978; x_wconf 83' lang='lat' dir='ltr'>ignari</span> <span class='ocrx_word' id='word_1_326' title='bbox 1373 1944 1386 1967; x_wconf 87' lang='lat'>,</span> <span class='ocrx_word' id='word_1_327' title='bbox 1413 1928 1458 1960; x_wconf 92' lang='lat' dir='ltr'>vt</span> <span class='ocrx_word' id='word_1_328' title='bbox 1476 1913 1658 1971; x_wconf 89' lang='lat' dir='ltr'>diuersa,</span> <span class='ocrx_word' id='word_1_329' title='bbox 1673 1916 1764 1964; x_wconf 77' lang='lat' dir='ltr'>imo</span> <span class='ocrx_word' id='word_1_330' title='bbox 1776 1923 1982 1968; x_wconf 86' lang='lat' dir='ltr'>contraria</span> 
     </span>
     <span class='ocr_line' id='line_1_27' title="bbox 151 1979 1982 2049; baseline 0.004 -19"><span class='ocrx_word' id='word_1_331' title='bbox 151 1983 361 2031; x_wconf 86' lang='lat' dir='ltr'>traderent</span> <span class='ocrx_word' id='word_1_332' title='bbox 374 2012 391 2035; x_wconf 74' lang='lat'>,</span> <span class='ocrx_word' id='word_1_333' title='bbox 403 1980 468 2027; x_wconf 90' lang='lat' dir='ltr'>sed</span> <span class='ocrx_word' id='word_1_334' title='bbox 495 1980 546 2028; x_wconf 91' lang='lat' dir='ltr'>de</span> <span class='ocrx_word' id='word_1_335' title='bbox 560 1982 649 2028; x_wconf 89' lang='lat' dir='ltr'>iam</span> <span class='ocrx_word' id='word_1_336' title='bbox 665 1984 707 2027; x_wconf 87' lang='lat' dir='ltr'>in</span> <span class='ocrx_word' id='word_1_337' title='bbox 723 1979 1053 2029; x_wconf 88' lang='lat' dir='ltr'>desuetudinem</span> <span class='ocrx_word' id='word_1_338' title='bbox 1066 1980 1239 2030; x_wconf 55' lang='lat' dir='ltr'>induet&amp;</span> <span class='ocrx_word' id='word_1_339' title='bbox 1255 2016 1266 2026; x_wconf 88' lang='lat'><strong>.</strong></span> <span class='ocrx_word' id='word_1_340' title='bbox 1303 1986 1425 2045; x_wconf 78' lang='lat' dir='ltr'>Qu</span> <span class='ocrx_word' id='word_1_341' title='bbox 1451 1986 1577 2031; x_wconf 85' lang='lat' dir='ltr'>ctiam</span> <span class='ocrx_word' id='word_1_342' title='bbox 1591 1983 1679 2049; x_wconf 90' lang='lat' dir='ltr'>ipse</span> <span class='ocrx_word' id='word_1_343' title='bbox 1698 1990 1833 2034; x_wconf 87' lang='lat' dir='ltr'>Varro</span> <span class='ocrx_word' id='word_1_344' title='bbox 1850 2019 1864 2042; x_wconf 82' lang='lat'>,</span> <span class='ocrx_word' id='word_1_345' title='bbox 1882 1989 1982 2038; x_wconf 73' lang='lat' dir='ltr'>licet</span> 
     </span>
     <span class='ocr_line' id='line_1_28' title="bbox 153 2051 1981 2118; baseline 0.004 -18"><span class='ocrx_word' id='word_1_346' title='bbox 153 2052 283 2116; x_wconf 72' lang='lat' dir='ltr'>longe</span> <span class='ocrx_word' id='word_1_347' title='bbox 299 2052 518 2116; x_wconf 81' lang='lat' dir='ltr'>antiquior</span> <span class='ocrx_word' id='word_1_348' title='bbox 530 2081 545 2104; x_wconf 80' lang='lat'>,</span> <span class='ocrx_word' id='word_1_349' title='bbox 563 2051 820 2113; x_wconf 89' lang='lat' dir='ltr'>(Ciceronis</span> <span class='ocrx_word' id='word_1_350' title='bbox 835 2053 954 2098; x_wconf 90' lang='lat' dir='ltr'>enim</span> <span class='ocrx_word' id='word_1_351' title='bbox 969 2064 1166 2116; x_wconf 89' lang='lat' dir='ltr'>tempore</span> <span class='ocrx_word' id='word_1_352' title='bbox 1184 2053 1293 2099; x_wconf 88' lang='lat' dir='ltr'>vixit</span> <span class='ocrx_word' id='word_1_353' title='bbox 1305 2054 1323 2113; x_wconf 87' lang='lat'><em>)</em></span> <span class='ocrx_word' id='word_1_354' title='bbox 1342 2051 1494 2099; x_wconf 89' lang='lat' dir='ltr'>eodem</span> <span class='ocrx_word' id='word_1_355' title='bbox 1508 2057 1633 2118; x_wconf 58' lang='lat' dir='ltr'>paeto</span> <span class='ocrx_word' id='word_1_356' title='bbox 1652 2056 1842 2105; x_wconf 88' lang='lat' dir='ltr'>Triarios</span> <span class='ocrx_word' id='word_1_357' title='bbox 1856 2061 1941 2107; x_wconf 88' lang='lat' dir='ltr'>iam</span> <span class='ocrx_word' id='word_1_358' title='bbox 1956 2059 1981 2107; x_wconf 76' lang='grc' dir='ltr'>εὶ</span> 
     </span>
     <span class='ocr_line' id='line_1_29' title="bbox 154 2118 1981 2194; baseline 0.004 -26"><span class='ocrx_word' id='word_1_359' title='bbox 154 2120 308 2168; x_wconf 65' lang='lat' dir='ltr'>militia</span> <span class='ocrx_word' id='word_1_360' title='bbox 337 2119 537 2168; x_wconf 80' lang='lat' dir='ltr'>receffiffe</span> <span class='ocrx_word' id='word_1_361' title='bbox 556 2119 691 2167; x_wconf 80' lang='lat' dir='ltr'>testari</span> <span class='ocrx_word' id='word_1_362' title='bbox 707 2118 873 2168; x_wconf 91' lang='lat' dir='ltr'>videtur</span> <span class='ocrx_word' id='word_1_363' title='bbox 891 2151 904 2175; x_wconf 94' lang='lat'>,</span> <span class='ocrx_word' id='word_1_364' title='bbox 924 2122 1128 2186; x_wconf 84' lang='lat' dir='ltr'>inquiens</span> <span class='ocrx_word' id='word_1_365' title='bbox 1142 2122 1214 2169; x_wconf 84' lang='lat' dir='ltr'>lib.</span> <span class='ocrx_word' id='word_1_366' title='bbox 1233 2126 1308 2170; x_wconf 87' lang='lat' dir='ltr'>IV·</span> <span class='ocrx_word' id='word_1_367' title='bbox 1335 2122 1387 2168; x_wconf 90' lang='lat' dir='ltr'>de</span> <span class='ocrx_word' id='word_1_368' title='bbox 1403 2125 1527 2187; x_wconf 86' lang='lat' dir='ltr'>Ling.</span> <span class='ocrx_word' id='word_1_369' title='bbox 1546 2126 1638 2171; x_wconf 82' lang='lat' dir='ltr'>Lat.</span> <span class='ocrx_word' id='word_1_370' title='bbox 1658 2130 1698 2171; x_wconf 83' lang='lat' dir='ltr'><em>T</em></span> <span class='ocrx_word' id='word_1_371' title='bbox 1698 2130 1807 2190; x_wconf 62' lang='lat' dir='ltr'>rim-q*</span> <span class='ocrx_word' id='word_1_372' title='bbox 1835 2146 1981 2194; x_wconf 77' lang='lat' dir='ltr'>quoque</span> 
     </span>
    </p>

    <p class='ocr_par' dir='ltr' id='par_1_8' title="bbox 155 2186 1979 2332">
     <span class='ocr_line' id='line_1_30' title="bbox 162 2186 1979 2260; baseline 0.003 -24"><span class='ocrx_word' id='word_1_373' title='bbox 162 2190 262 2239; x_wconf 60' lang='lat' dir='ltr'>disti</span> <span class='ocrx_word' id='word_1_374' title='bbox 275 2223 290 2246; x_wconf 81' lang='lat'>,</span> <span class='ocrx_word' id='word_1_375' title='bbox 304 2189 413 2256; x_wconf 75' lang='lat' dir='ltr'>qudd</span> <span class='ocrx_word' id='word_1_376' title='bbox 429 2199 468 2236; x_wconf 86' lang='lat' dir='ltr'>in</span> <span class='ocrx_word' id='word_1_377' title='bbox 486 2196 562 2236; x_wconf 84' lang='lat' dir='ltr'>acie</span> <span class='ocrx_word' id='word_1_378' title='bbox 575 2196 687 2237; x_wconf 80' lang='lat' dir='ltr'>tertio</span> <span class='ocrx_word' id='word_1_379' title='bbox 702 2186 840 2236; x_wconf 82' lang='lat' dir='ltr'>ordine</span> <span class='ocrx_word' id='word_1_380' title='bbox 856 2189 1240 2257; x_wconf 78' lang='lat' dir='ltr'>extremeissubfidio</span> <span class='ocrx_word' id='word_1_381' title='bbox 1254 2189 1546 2256; x_wconf 76' lang='lat' dir='ltr'>deponebantur</span> <span class='ocrx_word' id='word_1_382' title='bbox 1562 2225 1574 2236; x_wconf 84' lang='lat'><strong>.</strong></span> <span class='ocrx_word' id='word_1_383' title='bbox 1607 2192 1756 2256; x_wconf 61' lang='lat' dir='ltr'>Sicque</span> <span class='ocrx_word' id='word_1_384' title='bbox 1771 2199 1979 2260; x_wconf 88' lang='lat' dir='ltr'>Vegetius</span> 
     </span>
     <span class='ocr_line' id='line_1_31' title="bbox 155 2257 1979 2332; baseline 0.005 -26"><span class='ocrx_word' id='word_1_385' title='bbox 155 2259 208 2306; x_wconf 86' lang='lat' dir='ltr'>de</span> <span class='ocrx_word' id='word_1_386' title='bbox 223 2260 271 2320; x_wconf 84' lang='lat' dir='ltr'>ijs</span> <span class='ocrx_word' id='word_1_387' title='bbox 285 2275 494 2324; x_wconf 83' lang='lat' dir='ltr'>tanquam</span> <span class='ocrx_word' id='word_1_388' title='bbox 509 2257 560 2306; x_wconf 90' lang='lat' dir='ltr'>de</span> <span class='ocrx_word' id='word_1_389' title='bbox 581 2261 809 2323; x_wconf 89' lang='lat' dir='ltr'>antiquato</span> <span class='ocrx_word' id='word_1_390' title='bbox 829 2259 1018 2306; x_wconf 90' lang='lat' dir='ltr'>militum</span> <span class='ocrx_word' id='word_1_391' title='bbox 1035 2259 1182 2306; x_wconf 90' lang='lat' dir='ltr'>ordine</span> <span class='ocrx_word' id='word_1_392' title='bbox 1206 2261 1413 2325; x_wconf 82' lang='lat' dir='ltr'>loquutus</span> <span class='ocrx_word' id='word_1_393' title='bbox 1440 2260 1497 2307; x_wconf 87' lang='lat' dir='ltr'>est</span> <span class='ocrx_word' id='word_1_394' title='bbox 1511 2293 1524 2316; x_wconf 83' lang='lat'>‚</span> <span class='ocrx_word' id='word_1_395' title='bbox 1543 2276 1589 2309; x_wconf 88' lang='lat' dir='ltr'>vt</span> <span class='ocrx_word' id='word_1_396' title='bbox 1612 2278 1729 2327; x_wconf 85' lang='lat' dir='ltr'>patet</span> <span class='ocrx_word' id='word_1_397' title='bbox 1749 2264 1822 2311; x_wconf 92' lang='lat' dir='ltr'>lib.</span> <span class='ocrx_word' id='word_1_398' title='bbox 1839 2269 1872 2311; x_wconf 91' lang='grc' dir='ltr'>Ι.</span> <span class='ocrx_word' id='word_1_399' title='bbox 1886 2284 1979 2332; x_wconf 88' lang='lat' dir='ltr'>cap.</span> 
     </span>
    </p>

    <p class='ocr_par' dir='ltr' id='par_1_9' title="bbox 84 2329 1985 2737">
     <span class='ocr_line' id='line_1_32' title="bbox 84 2329 1985 2399; baseline 0.002 -22"><span class='ocrx_word' id='word_1_400' title='bbox 84 2343 106 2390; x_wconf 68' lang='lat' dir='ltr'>i:</span> <span class='ocrx_word' id='word_1_401' title='bbox 153 2335 250 2378; x_wconf 90' lang='lat' dir='ltr'>XX.</span> <span class='ocrx_word' id='word_1_402' title='bbox 270 2338 309 2376; x_wconf 71' lang='lat' dir='ltr'>Sc</span> <span class='ocrx_word' id='word_1_403' title='bbox 320 2330 470 2377; x_wconf 77' lang='lat' dir='ltr'>clarius</span> <span class='ocrx_word' id='word_1_404' title='bbox 485 2329 557 2374; x_wconf 92' lang='lat' dir='ltr'>lib.</span> <span class='ocrx_word' id='word_1_405' title='bbox 572 2331 648 2376; x_wconf 88' lang='lat'><em>111.</em></span> <span class='ocrx_word' id='word_1_406' title='bbox 659 2332 898 2394; x_wconf 83' lang='lat' dir='ltr'>cap.XIIII.</span> <span class='ocrx_word' id='word_1_407' title='bbox 912 2332 959 2376; x_wconf 87' lang='lat' dir='ltr'>in</span> <span class='ocrx_word' id='word_1_408' title='bbox 971 2329 1057 2376; x_wconf 86' lang='lat' dir='ltr'>illis</span> <span class='ocrx_word' id='word_1_409' title='bbox 1077 2329 1232 2383; x_wconf 83' lang='lat' dir='ltr'>verbis,</span> <span class='ocrx_word' id='word_1_410' title='bbox 1247 2348 1337 2395; x_wconf 80' lang='lat' dir='ltr'>quos</span> <span class='ocrx_word' id='word_1_411' title='bbox 1349 2337 1509 2395; x_wconf 79' lang='lat' dir='ltr'>antiqui</span> <span class='ocrx_word' id='word_1_412' title='bbox 1525 2336 1700 2379; x_wconf 67' lang='lat' dir='ltr'>Triart&#39;os</span> <span class='ocrx_word' id='word_1_413' title='bbox 1714 2333 1985 2399; x_wconf 71' lang='lat' dir='ltr'>appellabant.&#39;‘</span> 
     </span>
     <span class='ocr_line' id='line_1_33' title="bbox 149 2396 1979 2468; baseline 0.005 -24"><span class='ocrx_word' id='word_1_414' title='bbox 149 2403 204 2445; x_wconf 87' lang='lat' dir='ltr'>Et</span> <span class='ocrx_word' id='word_1_415' title='bbox 230 2401 430 2463; x_wconf 85' lang='lat' dir='ltr'>quamuis</span> <span class='ocrx_word' id='word_1_416' title='bbox 446 2396 645 2445; x_wconf 87' lang='lat' dir='ltr'>Erasmus</span> <span class='ocrx_word' id='word_1_417' title='bbox 676 2400 722 2444; x_wconf 88' lang='lat' dir='ltr'>in</span> <span class='ocrx_word' id='word_1_418' title='bbox 752 2398 929 2463; x_wconf 85' lang='lat' dir='ltr'>Adagio</span> <span class='ocrx_word' id='word_1_419' title='bbox 962 2402 1040 2447; x_wconf 84' lang='lat' dir='ltr'>Res</span> <span class='ocrx_word' id='word_1_420' title='bbox 1067 2397 1120 2446; x_wconf 80' lang='lat' dir='ltr'>ad</span> <span class='ocrx_word' id='word_1_421' title='bbox 1136 2401 1312 2446; x_wconf 76' lang='lat' dir='ltr'>Triarios</span> <span class='ocrx_word' id='word_1_422' title='bbox 1341 2398 1460 2463; x_wconf 58' lang='lat' dir='ltr'>rediit</span> <span class='ocrx_word' id='word_1_423' title='bbox 1475 2429 1489 2453; x_wconf 82' lang='lat'>,</span> <span class='ocrx_word' id='word_1_424' title='bbox 1516 2416 1694 2449; x_wconf 85' lang='lat' dir='ltr'>conetur</span> <span class='ocrx_word' id='word_1_425' title='bbox 1720 2403 1898 2468; x_wconf 90' lang='lat' dir='ltr'>probare</span> <span class='ocrx_word' id='word_1_426' title='bbox 1923 2423 1979 2453; x_wconf 76' lang='lat' dir='ltr'>ex</span> 
     </span>
     <span class='ocr_line' id='line_1_34' title="bbox 152 2466 1976 2542; baseline 0.003 -27"><span class='ocrx_word' id='word_1_427' title='bbox 152 2469 340 2531; x_wconf 72' lang='lat' dir='ltr'>Vopiico</span> <span class='ocrx_word' id='word_1_428' title='bbox 353 2498 367 2522; x_wconf 78' lang='lat'>,</span> <span class='ocrx_word' id='word_1_429' title='bbox 395 2484 467 2514; x_wconf 87' lang='lat' dir='ltr'>eos</span> <span class='ocrx_word' id='word_1_430' title='bbox 495 2466 630 2514; x_wconf 90' lang='lat' dir='ltr'>adhuc</span> <span class='ocrx_word' id='word_1_431' title='bbox 647 2483 841 2533; x_wconf 87' lang='lat' dir='ltr'>tempore</span> <span class='ocrx_word' id='word_1_432' title='bbox 859 2469 989 2514; x_wconf 85' lang='lat' dir='ltr'>Firmi</span> <span class='ocrx_word' id='word_1_433' title='bbox 1005 2469 1276 2531; x_wconf 87' lang='lat' dir='ltr'>Imperatoris</span> <span class='ocrx_word' id='word_1_434' title='bbox 1303 2469 1470 2530; x_wconf 86' lang='lat' dir='ltr'>reperiri</span> <span class='ocrx_word' id='word_1_435' title='bbox 1488 2498 1502 2522; x_wconf 84' lang='lat'>,</span> <span class='ocrx_word' id='word_1_436' title='bbox 1531 2484 1675 2524; x_wconf 85' lang='lat' dir='ltr'>tamen</span> <span class='ocrx_word' id='word_1_437' title='bbox 1693 2473 1792 2521; x_wconf 90' lang='lat' dir='ltr'>loco</span> <span class='ocrx_word' id='word_1_438' title='bbox 1808 2478 1976 2542; x_wconf 65' lang='lat' dir='ltr'>Triarq‘,</span> 
     </span>
     <span class='ocr_line' id='line_1_35' title="bbox 152 2535 1975 2608; baseline 0.004 -25"><span class='ocrx_word' id='word_1_439' title='bbox 152 2535 432 2585; x_wconf 81' lang='lat' dir='ltr'>Casaubonus</span> <span class='ocrx_word' id='word_1_440' title='bbox 445 2539 491 2583; x_wconf 90' lang='lat' dir='ltr'>in</span> <span class='ocrx_word' id='word_1_441' title='bbox 505 2539 638 2583; x_wconf 87' lang='lat' dir='ltr'>Notis</span> <span class='ocrx_word' id='word_1_442' title='bbox 654 2542 872 2584; x_wconf 71' lang='lat' dir='ltr'>Tritanum</span> <span class='ocrx_word' id='word_1_443' title='bbox 887 2538 993 2600; x_wconf 84' lang='lat' dir='ltr'>legit</span> <span class='ocrx_word' id='word_1_444' title='bbox 1007 2554 1130 2585; x_wconf 88' lang='lat' dir='ltr'>num.</span> <span class='ocrx_word' id='word_1_445' title='bbox 1155 2554 1226 2592; x_wconf 88' lang='lat'>19-</span> <span class='ocrx_word' id='word_1_446' title='bbox 1249 2538 1351 2584; x_wconf 83' lang='lat' dir='ltr'>Alio</span> <span class='ocrx_word' id='word_1_447' title='bbox 1372 2538 1501 2585; x_wconf 84' lang='lat' dir='ltr'>etiam</span> <span class='ocrx_word' id='word_1_448' title='bbox 1514 2556 1603 2587; x_wconf 89' lang='lat' dir='ltr'>non</span> <span class='ocrx_word' id='word_1_449' title='bbox 1620 2542 1703 2589; x_wconf 88' lang='lat' dir='ltr'>leui</span> <span class='ocrx_word' id='word_1_450' title='bbox 1716 2559 1975 2608; x_wconf 83' lang='lat' dir='ltr'>argumento</span> 
     </span>
     <span class='ocr_line' id='line_1_36' title="bbox 149 2604 1976 2675; baseline 0.005 -24"><span class='ocrx_word' id='word_1_451' title='bbox 149 2606 232 2651; x_wconf 91' lang='lat' dir='ltr'>hoc</span> <span class='ocrx_word' id='word_1_452' title='bbox 245 2604 361 2652; x_wconf 83' lang='lat' dir='ltr'>¹idem</span> <span class='ocrx_word' id='word_1_453' title='bbox 378 2607 685 2670; x_wconf 81' lang='lat' dir='ltr'>comperimus,</span> <span class='ocrx_word' id='word_1_454' title='bbox 701 2608 800 2671; x_wconf 87' lang='lat' dir='ltr'>quia</span> <span class='ocrx_word' id='word_1_455' title='bbox 813 2609 921 2652; x_wconf 89' lang='lat' dir='ltr'>inter</span> <span class='ocrx_word' id='word_1_456' title='bbox 935 2607 1131 2654; x_wconf 78' lang='lat' dir='ltr'>authores</span> <span class='ocrx_word' id='word_1_457' title='bbox 1147 2608 1440 2660; x_wconf 74' lang='lat' dir='ltr'>cromaticos,</span> <span class='ocrx_word' id='word_1_458' title='bbox 1455 2609 1666 2673; x_wconf 81' lang='lat' dir='ltr'>Polybius</span> <span class='ocrx_word' id='word_1_459' title='bbox 1680 2612 1853 2675; x_wconf 88' lang='lat' dir='ltr'>vigente</span> <span class='ocrx_word' id='word_1_460' title='bbox 1869 2628 1976 2661; x_wconf 90' lang='lat' dir='ltr'>tunc</span> 
     </span>
     <span class='ocr_line' id='line_1_37' title="bbox 149 2674 1975 2737; baseline 0.004 -15"><span class='ocrx_word' id='word_1_461' title='bbox 149 2676 197 2722; x_wconf 69' lang='lat' dir='ltr'>cai</span> <span class='ocrx_word' id='word_1_462' title='bbox 215 2674 366 2723; x_wconf 60' lang='lat' dir='ltr'>militia</span> <span class='ocrx_word' id='word_1_463' title='bbox 381 2706 394 2728; x_wconf 81' lang='lat'>‚</span> <span class='ocrx_word' id='word_1_464' title='bbox 414 2674 593 2737; x_wconf 85' lang='lat' dir='ltr'>(habuit</span> <span class='ocrx_word' id='word_1_465' title='bbox 614 2679 731 2723; x_wconf 89' lang='lat' dir='ltr'>enim</span> <span class='ocrx_word' id='word_1_466' title='bbox 747 2675 844 2722; x_wconf 92' lang='lat' dir='ltr'>suos</span> <span class='ocrx_word' id='word_1_467' title='bbox 863 2679 1045 2723; x_wconf 79' lang='lat' dir='ltr'>Triarios</span> <span class='ocrx_word' id='word_1_468' title='bbox 1065 2677 1268 2723; x_wconf 88' lang='lat' dir='ltr'>exercitus</span> <span class='ocrx_word' id='word_1_469' title='bbox 1285 2681 1331 2723; x_wconf 71' lang='lat' dir='ltr'>L.</span> <span class='ocrx_word' id='word_1_470' title='bbox 1351 2678 1518 2737; x_wconf 81' lang='lat' dir='ltr'>AEmilij</span> <span class='ocrx_word' id='word_1_471' title='bbox 1538 2681 1670 2726; x_wconf 86' lang='lat' dir='ltr'>Paulli</span> <span class='ocrx_word' id='word_1_472' title='bbox 1699 2683 1744 2727; x_wconf 89' lang='lat' dir='ltr'>in</span> <span class='ocrx_word' id='word_1_473' title='bbox 1767 2682 1975 2730; x_wconf 87' lang='lat' dir='ltr'>Macedo-</span> 
     </span>
    </p>

    <p class='ocr_par' dir='ltr' id='par_1_10' title="bbox 81 2743 1975 3088">
     <span class='ocr_line' id='line_1_38' title="bbox 81 2743 1975 2813; baseline 0.005 -21"><span class='ocrx_word' id='word_1_474' title='bbox 81 2768 113 2802; x_wconf 54' lang='grc' dir='ltr'><strong><em>Β</em></strong></span> <span class='ocrx_word' id='word_1_475' title='bbox 149 2744 221 2792; x_wconf 61' lang='lat' dir='ltr'>nis</span> <span class='ocrx_word' id='word_1_476' title='bbox 237 2776 250 2799; x_wconf 85' lang='lat'>,</span> <span class='ocrx_word' id='word_1_477' title='bbox 266 2759 314 2792; x_wconf 88' lang='lat' dir='ltr'>vt</span> <span class='ocrx_word' id='word_1_478' title='bbox 328 2763 374 2791; x_wconf 89' lang='lat' dir='ltr'>ex</span> <span class='ocrx_word' id='word_1_479' title='bbox 392 2746 518 2791; x_wconf 86' lang='lat' dir='ltr'>Liuio</span> <span class='ocrx_word' id='word_1_480' title='bbox 535 2743 609 2790; x_wconf 86' lang='lat' dir='ltr'>lib.</span> <span class='ocrx_word' id='word_1_481' title='bbox 627 2748 817 2805; x_wconf 86' lang='lat' dir='ltr'><strong>XLIV.)</strong></span> <span class='ocrx_word' id='word_1_482' title='bbox 838 2745 1058 2792; x_wconf 89' lang='lat' dir='ltr'>multoties</span> <span class='ocrx_word' id='word_1_483' title='bbox 1071 2744 1122 2792; x_wconf 91' lang='lat' dir='ltr'>de</span> <span class='ocrx_word' id='word_1_484' title='bbox 1136 2744 1325 2806; x_wconf 80' lang='lat' dir='ltr'>Triarijs,</span> <span class='ocrx_word' id='word_1_485' title='bbox 1341 2746 1576 2810; x_wconf 70' lang='lat' dir='ltr'>eorumque</span> <span class='ocrx_word' id='word_1_486' title='bbox 1589 2748 1792 2813; x_wconf 65' lang='lat' dir='ltr'>pedaturzi</span> <span class='ocrx_word' id='word_1_487' title='bbox 1816 2759 1860 2800; x_wconf 70' lang='grc' dir='ltr'>ὅ(</span> <span class='ocrx_word' id='word_1_488' title='bbox 1874 2756 1975 2801; x_wconf 55' lang='grc' dir='ltr'>τηυὲ</span> 
     </span>
     <span class='ocr_line' id='line_1_39' title="bbox 148 2813 1972 2886; baseline 0.001 -24"><span class='ocrx_word' id='word_1_489' title='bbox 148 2815 318 2863; x_wconf 85' lang='lat' dir='ltr'>neribus</span> <span class='ocrx_word' id='word_1_490' title='bbox 334 2815 557 2878; x_wconf 84' lang='lat' dir='ltr'>loquitur:</span> <span class='ocrx_word' id='word_1_491' title='bbox 581 2813 693 2878; x_wconf 89' lang='lat' dir='ltr'>apud</span> <span class='ocrx_word' id='word_1_492' title='bbox 710 2815 940 2879; x_wconf 82' lang='lat' dir='ltr'>Hyginum</span> <span class='ocrx_word' id='word_1_493' title='bbox 959 2815 1060 2863; x_wconf 78' lang='lat' dir='ltr'>vero</span> <span class='ocrx_word' id='word_1_494' title='bbox 1073 2845 1087 2868; x_wconf 85' lang='lat'>,</span> <span class='ocrx_word' id='word_1_495' title='bbox 1110 2816 1188 2880; x_wconf 88' lang='lat' dir='ltr'>qui</span> <span class='ocrx_word' id='word_1_496' title='bbox 1205 2815 1378 2862; x_wconf 84' lang='lat' dir='ltr'>Traiani</span> <span class='ocrx_word' id='word_1_497' title='bbox 1395 2829 1588 2881; x_wconf 90' lang='lat' dir='ltr'>tempore</span> <span class='ocrx_word' id='word_1_498' title='bbox 1601 2816 1786 2884; x_wconf 81' lang='lat' dir='ltr'>scripfit,</span> <span class='ocrx_word' id='word_1_499' title='bbox 1811 2835 1859 2870; x_wconf 91' lang='lat' dir='ltr'>vt</span> <span class='ocrx_word' id='word_1_500' title='bbox 1870 2839 1972 2886; x_wconf 82' lang='lat' dir='ltr'>pro-</span> 
     </span>
     <span class='ocr_line' id='line_1_40' title="bbox 146 2882 1973 2949; baseline 0.003 -17"><span class='ocrx_word' id='word_1_501' title='bbox 146 2884 220 2932; x_wconf 82' lang='lat' dir='ltr'>bat</span> <span class='ocrx_word' id='word_1_502' title='bbox 232 2882 396 2949; x_wconf 86' lang='lat' dir='ltr'>Lipfius</span> <span class='ocrx_word' id='word_1_503' title='bbox 410 2888 440 2930; x_wconf 90' lang='grc' dir='ltr'>Ι.</span> <span class='ocrx_word' id='word_1_504' title='bbox 457 2884 692 2932; x_wconf 69' lang='grc' dir='ltr'><strong>ΕΙεᾶ.Χν.</strong></span> <span class='ocrx_word' id='word_1_505' title='bbox 707 2883 928 2930; x_wconf 91' lang='lat' dir='ltr'>summum</span> <span class='ocrx_word' id='word_1_506' title='bbox 942 2883 993 2931; x_wconf 88' lang='lat' dir='ltr'>de</span> <span class='ocrx_word' id='word_1_507' title='bbox 1009 2884 1061 2945; x_wconf 85' lang='lat' dir='ltr'>ijs</span> <span class='ocrx_word' id='word_1_508' title='bbox 1073 2882 1302 2940; x_wconf 85' lang='lat' dir='ltr'>filentium,</span> <span class='ocrx_word' id='word_1_509' title='bbox 1318 2886 1362 2931; x_wconf 91' lang='lat' dir='ltr'>in</span> <span class='ocrx_word' id='word_1_510' title='bbox 1377 2885 1541 2949; x_wconf 58' lang='lat' dir='ltr'>prolix&amp;</span> <span class='ocrx_word' id='word_1_511' title='bbox 1557 2892 1973 2937; x_wconf 87' lang='lat' dir='ltr'>commemoratione</span> 
     </span>
     <span class='ocr_line' id='line_1_41' title="bbox 148 2952 1968 3023; baseline 0.002 -22"><span class='ocrx_word' id='word_1_512' title='bbox 148 2955 352 3001; x_wconf 83' lang='lat' dir='ltr'>omnium</span> <span class='ocrx_word' id='word_1_513' title='bbox 369 2952 581 3017; x_wconf 86' lang='lat' dir='ltr'>graduum</span> <span class='ocrx_word' id='word_1_514' title='bbox 596 2953 760 3001; x_wconf 76' lang='lat' dir='ltr'>militiae</span> <span class='ocrx_word' id='word_1_515' title='bbox 776 2983 790 3007; x_wconf 78' lang='lat'>‚</span> <span class='ocrx_word' id='word_1_516' title='bbox 805 2968 894 3000; x_wconf 89' lang='lat' dir='ltr'>tam</span> <span class='ocrx_word' id='word_1_517' title='bbox 912 2957 1126 3002; x_wconf 74' lang='lat' dir='ltr'>Romanae</span> <span class='ocrx_word' id='word_1_518' title='bbox 1143 2985 1156 3008; x_wconf 87' lang='lat'>,</span> <span class='ocrx_word' id='word_1_519' title='bbox 1170 2955 1304 3018; x_wconf 72' lang='lat' dir='ltr'>quam</span> <span class='ocrx_word' id='word_1_520' title='bbox 1319 2955 1530 3002; x_wconf 75' lang='lat' dir='ltr'>auxiliaris</span> <span class='ocrx_word' id='word_1_521' title='bbox 1546 2973 1559 3010; x_wconf 79' lang='lat'>3</span> <span class='ocrx_word' id='word_1_522' title='bbox 1576 2972 1623 3006; x_wconf 90' lang='lat' dir='ltr'>vt</span> <span class='ocrx_word' id='word_1_523' title='bbox 1637 2960 1816 3023; x_wconf 89' lang='lat' dir='ltr'>proinde</span> <span class='ocrx_word' id='word_1_524' title='bbox 1829 2990 1844 3012; x_wconf 75' lang='lat'>,</span> <span class='ocrx_word' id='word_1_525' title='bbox 1859 2959 1968 3006; x_wconf 63' lang='lat' dir='ltr'>refte</span> 
     </span>
     <span class='ocr_line' id='line_1_42' title="bbox 149 3022 1969 3088; baseline 0.001 -18"><span class='ocrx_word' id='word_1_526' title='bbox 149 3022 384 3070; x_wconf 87' lang='lat' dir='ltr'>eorundem</span> <span class='ocrx_word' id='word_1_527' title='bbox 399 3038 538 3069; x_wconf 86' lang='lat' dir='ltr'>recens</span> <span class='ocrx_word' id='word_1_528' title='bbox 567 3027 901 3070; x_wconf 87' lang='lat' dir='ltr'>Commentator</span> <span class='ocrx_word' id='word_1_529' title='bbox 922 3026 1192 3088; x_wconf 85' lang='lat' dir='ltr'>Anonymus</span> <span class='ocrx_word' id='word_1_530' title='bbox 1221 3026 1288 3073; x_wconf 78' lang='lat' dir='ltr'>R.</span> <span class='ocrx_word' id='word_1_531' title='bbox 1324 3027 1390 3070; x_wconf 88' lang='grc' dir='ltr'>Η.</span> <span class='ocrx_word' id='word_1_532' title='bbox 1423 3027 1473 3070; x_wconf 83' lang='lat' dir='ltr'>S.</span> <span class='ocrx_word' id='word_1_533' title='bbox 1502 3042 1593 3073; x_wconf 90' lang='lat' dir='ltr'>non</span> <span class='ocrx_word' id='word_1_534' title='bbox 1617 3027 1746 3075; x_wconf 92' lang='lat' dir='ltr'>semel</span> <span class='ocrx_word' id='word_1_535' title='bbox 1762 3026 1969 3081; x_wconf 82' lang='lat' dir='ltr'>affirmet,</span> 
     </span>
    </p>
   </div>
   <div class='ocr_carea' id='block_1_3' title="bbox 149 3091 1970 3209">
    <p class='ocr_par' dir='ltr' id='par_1_11' title="bbox 149 3091 1970 3209">
     <span class='ocr_line' id='line_1_43' title="bbox 149 3091 1970 3158; baseline 0.001 -16"><span class='ocrx_word' id='word_1_536' title='bbox 149 3094 368 3146; x_wconf 73' lang='lat' dir='ltr'>Marium,</span> <span class='ocrx_word' id='word_1_537' title='bbox 382 3093 459 3158; x_wconf 89' lang='lat' dir='ltr'>qui</span> <span class='ocrx_word' id='word_1_538' title='bbox 475 3092 610 3141; x_wconf 81' lang='lat' dir='ltr'>multa</span> <span class='ocrx_word' id='word_1_539' title='bbox 625 3093 669 3140; x_wconf 91' lang='lat' dir='ltr'>in</span> <span class='ocrx_word' id='word_1_540' title='bbox 690 3091 841 3139; x_wconf 61' lang='lat' dir='ltr'>militia</span> <span class='ocrx_word' id='word_1_541' title='bbox 862 3093 1128 3148; x_wconf 80' lang='lat' dir='ltr'>immutauit,</span> <span class='ocrx_word' id='word_1_542' title='bbox 1143 3100 1186 3140; x_wconf 64' lang='grc' dir='ltr'>ὗε</span> <span class='ocrx_word' id='word_1_543' title='bbox 1203 3091 1283 3142; x_wconf 85' lang='lat' dir='ltr'>hoc</span> <span class='ocrx_word' id='word_1_544' title='bbox 1300 3092 1504 3142; x_wconf 87' lang='lat' dir='ltr'>ordinum</span> <span class='ocrx_word' id='word_1_545' title='bbox 1518 3093 1741 3145; x_wconf 88' lang='lat' dir='ltr'>discrimen</span> <span class='ocrx_word' id='word_1_546' title='bbox 1757 3095 1970 3148; x_wconf 75' lang='lat' dir='ltr'>sustulisse.</span> 
     </span>
     <span class='ocr_line' id='line_1_44' title="bbox 1413 3166 1907 3209; baseline 0 0"><span class='ocrx_word' id='word_1_547' title='bbox 1413 3166 1447 3209; x_wconf 88' lang='lat' dir='ltr'>E</span> <span class='ocrx_word' id='word_1_548' title='bbox 1850 3166 1907 3209; x_wconf 87' lang='lat' dir='ltr'>Et</span> 
     </span>
    </p>
   </div>
  </div>
 </body>
</html>
