2221 3512
271 212 407 276 DE
483 213 1107 279 EMISSARIO
1197 213 1587 281 FVCINt
1701 240 1832 307 407

28 349 46 379 ι
81 323 134 374 de
150 327 236 376 alio
264 329 415 393 inepto
440 326 662 387 Strabonis
679 330 909 392 interprete
926 328 1094 377 Differt.
1108 331 1180 377 111.
1196 330 1247 376 de
1263 333 1381 395 Aqu.
1394 341 1437 381 δέ
1452 332 1636 398 Aquaed.
1653 335 1910 399 conquestus

77 396 173 444 sum
192 433 206 447 .
238 398 416 445 Constat
429 396 639 461 siquidem
656 415 706 444 ex
722 399 814 463 ipso
829 400 911 445 loci
924 397 1090 463 aspectu
1107 431 1120 454 ,
1148 400 1262 466 prius
1276 401 1396 450 fuiss‘e
1411 434 1423 456 ‚
1451 418 1497 451 vt
1512 405 1674 451 nimius
1688 403 1761 451 iste
1775 422 1909 471 aqua-

77 483 176 514 rum
189 464 372 515 excessus
385 498 398 522 ‚
414 467 630 531 [acusque
645 468 879 515 exundatio
890 500 905 523 ‚
919 468 1194 518 emiffionem
1211 473 1254 518 in
1271 473 1521 535 proximum
1538 476 1698 522 flumen
1714 475 1906 526 Saltum„

74 533 152 583 fibi
167 538 343 600 aperiret
355 567 370 592 ,
383 536 560 601 planitie
571 537 857 585 intercedente
867 542 924 586 V.
938 541 1006 586 M.
1018 537 1232 603 paffuum,
1248 558 1380 604 quam
1396 542 1529 590 dixim
1537 543 1817 609 u5,superatf1,
1832 549 1900 605 (vt

72 620 175 653 tunc
190 605 333 654 forsan
349 636 362 661 ‚
389 606 490 654 cum
507 625 558 653 ex
574 608 683 654 lulio
699 606 981 672 obsequente
1002 608 1059 654 de
1085 609 1262 675 Prodig.
1289 614 1367 660 M.
1390 615 1433 660 A
1439 614 1568 661 emilm
1584 623 1642 664 ξφ
1658 620 1709 661 C.
1726 615 1898 678 Hostilio

69 679 273 724 Mancino
289 676 381 741 Cos.
414 693 487 742 per
504 678 639 724 millia
647 679 834 742 pafficum
851 679 909 724 V.
927 677 1180 738 inundauit)
1200 678 1333 743 quzim
1344 695 1392 727 vt
1408 683 1572 728 montis
1587 685 1654 728 cui
1674 681 1787 728 Alba
1803 682 1903 730 insi-

72 744 144 793 det
168 746 237 795 vel
252 743 423 793 infimas
451 745 609 793 radices
638 749 865 811 attingeret
896 765 905 793 ε
938 744 1044 793 adeo
1061 749 1180 795 enim
1199 763 1343 796 vertex
1369 749 1456 815 ipse
1472 752 1702 815 triquetrus
1720 781 1732 804 ‚
1749 753 1790 799 in
1808 768 1900 816 quo

69 812 410 881 splendidiffima
426 814 551 863 Albae
566 814 714 864 rudera
729 847 743 871 ,
759 816 961 881 totusque
977 818 1250 866 moeniorum
1265 819 1450 868 ambitus
1465 851 1479 875 ,
1494 822 1733 867 etiamnum
1749 819 1897 868 visun-

67 898 158 941 tur,
181 887 226 932 in
242 886 379 933 altum
395 886 615 933 extollitur
631 903 644 942 3
661 902 707 934 vt
721 888 911 942 montis,
927 904 1002 952 per
1017 888 1135 934 cuius
1150 888 1303 936 viscera
1317 888 1588 939 Emiffarium
1604 888 1799 936 adaffum
1814 889 1870 936 est
1881 920 1896 943 ,

67 953 379 1009 summitatem,
399 963 442 1002 δε
459 955 680 1020 proliitum
696 956 810 1004 illius
827 955 1017 1014 dorsum,
1035 956 1164 1022 longe
1181 956 1517 1022 superemineat3
1535 958 1696 1006 nedum
1712 959 1895 1006 humiles

68 1022 165 1077 illos
180 1026 430 1072 Palentinos
447 1042 624 1090 campos
639 1026 749 1072 inter
768 1026 932 1073 Saltum
950 1034 992 1073 δε
1009 1028 1171 1075 Lacum
1186 1030 1230 1074 in
1249 1031 1430 1093 planum
1447 1031 1629 1075 iacentes
1645 1062 1657 1072 .
1700 1027 1747 1076 Id
1762 1046 1895 1077 omne

69 1107 117 1142 vt
133 1094 311 1141 Tibiad
329 1096 589 1142 memoriam
617 1095 861 1142 reducerem
876 1126 889 1150 ,
916 1095 1049 1160 vtcjue
1067 1095 1240 1144 istorum
1270 1099 1467 1145 locorum
1488 1100 1643 1163 ignaris
1659 1098 1914 1160 euidentius-

22 1171 39 1217 ;=
67 1163 332 1211 ostenderem
353 1163 605 1230 ‚prospectu
623 1164 802 1216 Tabula:
818 1167 969 1231 primae
985 1164 1105 1227 suprzi
1124 1165 1321 1231 expofitae
1340 1199 1353 1224 7
1368 1169 1511 1232 potius
1525 1185 1658 1232 quam
1673 1167 1895 1233 ichnogra-

67 1233 169 1299 phifi
184 1264 197 1289 ‚
210 1233 450 1282 absentium
467 1235 610 1300 captui
626 1237 845 1282 consulere
865 1234 1005 1284 visum
1018 1235 1100 1282 fuit
1112 1265 1126 1290 ‚
1142 1250 1187 1282 vt
1207 1236 1267 1286 ibi
1282 1255 1352 1284 me
1367 1239 1544 1302 attigisse
1561 1236 1676 1285 vides
1695 1271 1707 1283 .

484 1330 1490 1448 MEMssRlest

321 1493 584 1534 OPERIS
629 1494 756 1536 PER
804 1495 1073 1538 PARTES
1112 1497 1617 1541 DEFORMATIO

15 1577 36 1628 ἕξ·
205 1574 386 1638 Riginta
410 1572 642 1620 hominum
666 1572 859 1621 millibus
877 1590 952 1638 per
966 1571 1168 1624 vndecirn
1191 1589 1329 1621 annos
1357 1574 1768 1623 fineintermiffione
1784 1594 1890 1642 ope.-

65 1574 190 1706 T
228 1643 417 1703 rantibus
434 1652 452 1696 >⁷
476 1656 522 1689 vt
539 1646 769 1691 Suetonius
782 1644 824 1690 in
841 1644 941 1692 Vitzi
959 1642 1131 1705 Claudij
1150 1661 1241 1709 cap.
1265 1663 1338 1694 20.
1355 1645 1416 1692 ait
1429 1674 1442 1699 ,
1460 1648 1699 1694 maximum
1714 1645 1891 1711 aliquod

65 1731 193 1780 atque
219 1714 535 1780 ampliffimum
551 1727 671 1760 tanto
705 1718 923 1778 apparatui
948 1712 1109 1760 factum
1133 1713 1390 1778 respondens
1406 1716 1631 1780 concipere
1660 1717 1856 1781 cogimur
1872 1733 1901 1762 :⁴

65 1784 234 1833 summa
245 1799 391 1831 tamen
409 1784 549 1847 operis
565 1783 644 1838 est,
654 1800 725 1848 per
737 1783 1016 1848 mapafficum
1034 1784 1164 1834 millia
1173 1791 1329 1848 partim
1349 1784 1474 1852 ‘ff’ffi'
1489 1803 1638 1840 monte,
1648 1801 1800 1851 pamm
1817 1803 1890 1832 ex-

63 1856 162 1921 ciſsi,
183 1859 366 1919 Specum
383 1853 434 1899 ad
449 1852 709 1918 recipiendas
727 1854 876 1901 Fucini
892 1869 1040 1918 aquam,
1061 1860 1103 1900 ἔτ
1120 1856 1163 1900 in
1178 1856 1429 1918 proximum
1447 1857 1579 1901 Lirim
1595 1853 1889 1903 immittendas

65 1925 338 1988 adapertum:
356 1922 397 1969 id
413 1921 532 1988 quod
545 1924 624 1971 alia
637 1922 808 1988 publica
823 1922 1072 1987 vetustaque
1084 1941 1212 1989 opera
1228 1923 1523 1988 reputantibus
1538 1955 1552 1979 ,
1567 1942 1659 1972 non
1671 1926 1888 1972 multum..

14 2002 24 2036 Ἰ
63 1997 110 2042 in
125 1995 164 2041 se
182 1993 320 2061 primzi
337 1993 441 2040 facie
455 1992 644 2039 videtur.
679 1991 759 2040 Sed
783 2008 929 2040 tamen
945 1993 1149 2041 omnibus
1168 1993 1289 2058 aequz‘i
1309 1995 1428 2041 lance
1442 1993 1685 2059 pensitatis,
1698 2012 1793 2059 quae
1808 1996 1889 2040 im

64 2065 148 2112 hoc
174 2065 397 2113 Emiss'ario
414 2061 710 2109 consideranda
729 2066 936 2120 veniunt3
967 2063 1125 2118 latens,
1142 2061 1543 2128 subterraneumtjue
1568 2065 1650 2111 hoc
1675 2068 1888 2110 Romanae

64 2136 268 2200 potentiae
285 2133 498 2200 specimen
516 2137 670 2180 caeteris
686 2133 890 2182 omnibus
905 2133 1103 2198 expositis
1121 2150 1168 2180 ac
1183 2134 1429 2199 patentibus
1447 2132 1706 2202 aequandum
1721 2163 1735 2187 ‚
1752 2141 1795 2180 δε
1810 2149 1885 2197 ῐιιτ-θ

19 2235 22 2238 <
65 2206 149 2253 scio
163 2222 216 2250 an
230 2201 581 2268 anteponendum
595 2234 608 2256 ,
624 2204 810 2267 legentes
825 2203 991 2250 fortafle
1007 2202 1255 2250 fatebuntur
1266 2236 1277 2249 .

133 2279 189 2323 Bt
205 2273 348 2340 primo
360 2305 374 2329 ,
399 2273 600 2319 duritiem
615 2274 731 2321 excisi
749 2274 912 2319 montis
927 2274 1172 2320 intueamur
1186 2274 1336 2320 animo
1360 2289 1371 2318 :
1400 2289 1490 2319 non
1510 2272 1626 2319 enim
1642 2272 1885 2337 tophacea..

16 2400 17 2403 Ἰ
67 2345 181 2395 illius
194 2344 348 2390 viscera
364 2376 377 2400 ‚
396 2359 442 2391 vt
458 2342 676 2408 Pausilypi
696 2341 816 2393 vestri
833 2341 854 2388 ὰ
872 2344 1058 2390 Cocceio
1071 2342 1246 2408 perfossi
1261 2374 1274 2397 a
1289 2343 1359 2389 vel
1373 2345 1670 2406 proximorum
1689 2342 1883 2395 collium,

20 2424 24 2457 Ι
69 2415 146 2464 sub
161 2413 318 2479 quibus
335 2444 348 2468 ,
376 2430 450 2477 per
465 2411 651 2459 eundem
680 2410 733 2458 ab
747 2414 926 2460 Auerno
953 2415 1117 2460 Cumas
1135 2413 1268 2477 vsque
1284 2413 1522 2459 Cuniculus
1549 2416 1664 2458 actus
1679 2410 1787 2467 fuit3
1811 2410 1882 2458 sed

65 2483 294 2552 plusquam
311 2482 444 2530 silicea
462 2480 663 2528 firmitate
678 2486 900 2548 compacta
916 2481 1014 2530 sunt
1030 2500 1043 2538 3
1072 2481 1169 2529 saxo
1183 2481 1339 2528 scilicet
1352 2482 1551 2528 albicanti
1570 2482 1706 2527 liuore
1719 2511 1733 2535 ‚
1751 2488 1794 2527 &
1808 2481 1882 2529 vix

66 2555 230 2619 scalpro
244 2552 432 2606 cedente,
449 2550 773 2617 plurimumque
785 2551 842 2598 ob
856 2551 917 2598 sui
932 2554 1120 2618 rigorem
1137 2554 1182 2598 in
1199 2550 1466 2616 percuffione
1478 2552 1624 2616 ignem
1643 2552 1884 2602 emittente.

65 2623 299 2672 Corneolam
323 2621 368 2669 *id
392 2637 528 2688 genus
550 2636 708 2686 prtram
734 2621 963 2670 Vrbinates
981 2625 1263 2675 meivocant3
1293 2619 1648 2684 eamqueinuich‘i
1670 2619 1900 2684 gelicidijs1

65 2693 265 2743 firmitate
278 2694 325 2739 in
342 2690 618 2740 exterioribus
633 2700 674 2738 &
689 2689 951 2738 subdialibus
964 2689 1149 2750 aedificijs
1162 2691 1385 2754 perutilem
1401 2694 1672 2755 experiuntur
1685 2718 1698 2743 ‚
1709 2697 1752 2737 &
1766 2688 1818 2735 ab
1828 2705 1882 2736 eo

67 2778 220 2813 monte
235 2760 472 2816 effodiunt,
491 2762 567 2825 qui
586 2778 660 2826 per
677 2759 980 2826 Vespasianum
998 2762 1042 2807 in
1068 2759 1296 2810 refefflone
1317 2761 1408 2808 Viae
1434 2761 1654 2809 Flaminiae
1681 2759 1881 2824 ampliori

21 2843 33 2876 Γ
67 2834 115 2882 Sic
143 2834 257 2881 olim
282 2831 389 2879 ostio
417 2829 607 2897 pertusus
621 2860 635 2885 ,
661 2829 712 2877 ad
730 2831 946 2895 Intercisa,
973 2828 1045 2878 seu
1065 2828 1119 2878 ad
1134 2837 1291 2878 Petram
1305 2830 1509 2895 Pertufizm
1527 2845 1706 2877 vocatus
1719 2829 1775 2875 est
1789 2859 1803 2883 ,
1825 2827 1879 2874 acl

65 2905 219 2952 laeuam
235 2902 451 2950 Candiani
462 2901 625 2948 fluuioli
639 2914 828 2964 partem,
856 2900 1114 2964 quiduobus
1131 2899 1273 2965 postea
1295 2898 1504 2962 milliarijs
1532 2903 1577 2947 in
1595 2902 1840 2946 Metaurum
1854 2897 1879 2943 εὶ

64 2971 233 3021 dexter&
248 2973 393 3020 influit
410 3006 421 3018 .
462 2969 590 3019 Vnde
617 2968 686 3015 hic
703 2968 839 3017 obiter
856 2972 1049 3031 Cluue-ri)¹
1066 2970 1230 3035 lapsum
1254 2982 1401 3016 notare
1417 2969 1522 3016 libet
1534 3001 1549 3025 ·,
1565 2968 1616 3016 ad
1630 2967 1705 3016 lib.
1717 2972 1768 3015 ΙΙ.
1786 2984 1879 3030 cap.

64 3047 145 3104 ,VL
163 3057 261 3109 pag.
281 3053 311 3091 6
323 3060 338 3090 ι
350 3061 395 3109 9.
409 3041 494 3089 ·suae
509 3040 604 3088 Ital.
619 3040 774 3103 Antiq.
790 3039 863 3087 vbi
880 3040 994 3105 ipfius
1004 3043 1204 3089 Metauri
1218 3045 1345 3105 ripam
1356 3040 1596 3107 perforatam
1610 3037 1760 3087 tradit:
1791 3052 1881 3082 cer-

22 3154 23 3158 ,
65 3114 280 3161 t-iffimum
298 3128 488 3179 namque
506 3109 563 3157 est
576 3140 591 3166 ,
608 3117 650 3156 &1
669 3110 714 3156 in
731 3108 825 3176 ipso
840 3113 980 3158 Ponte
995 3108 1047 3155 ad
1063 3112 1314 3158 Metaurum
1330 3122 1425 3156 ante
1438 3109 1649 3158 Candiani
1664 3106 1887 3153 confluen-

60 3181 151 3233 tem
168 3183 349 3252 excitato
366 3182 623 3252 inscriptum
636 3182 941 3230 MATAVRI
956 3196 1135 3234 nomen,
1147 3179 1232 3228 leui
1243 3179 1358 3228 illius
1370 3177 1509 3229 saeeuli
1519 3176 1888 3230 deformatione&¹

1762 3257 1809 3293 vt
