2221 3512
129 147 262 189 quam,
273 140 565 190 commentariis,
579 139 810 194 scriptorum
825 141 1044 187 destitutus,
1057 144 1234 185 diuinare
1247 156 1403 200 nequeo
1422 174 1431 183 .
1459 146 1607 188 Camus
1621 158 1753 189 autem
1771 159 1894 203 genus
1907 150 1991 192 vin.

129 196 234 241 culi,
252 198 426 239 maxillas
439 197 530 238 asini
546 197 670 241 veluti
686 198 944 240 retinaculum
959 201 1221 254 complectens
1239 200 1504 258 vinciensque,
1516 207 1554 244 δε
1566 205 1769 258 capistrum
1787 221 1867 261 quo
1879 209 1985 252 illius

126 252 297 308 impetus
309 257 482 298 coerceri
499 269 570 298 ceu
587 253 709 297 fraeno
723 254 836 310 possit
851 270 860 298 ;
877 255 1069 298 simillima
1080 256 1188 304 sunt,
1204 259 1284 302 imo
1301 260 1438 301 eadem
1452 273 1541 303 cum
1552 262 1613 312 ijs,
1628 263 1771 317 quibus
1787 277 1889 306 nunc
1901 281 1987 310 mu,

125 310 254 352 lioues
270 317 310 355 &
324 314 451 355 rustici
469 314 518 354 ad
531 313 653 357 simile
671 315 847 355 munium
861 326 1022 355 Vtuntur
1036 344 1046 357 .

72 364 126 409 36
157 371 316 416 Tunicae
333 373 417 411 imae
433 397 445 416 ,
461 371 539 415 siue
555 371 699 411 intimae
715 369 843 411 forma
859 371 923 412 hic
939 370 1112 427 expressa
1128 399 1141 419 ,
1158 387 1245 428 quae
1260 374 1352 417 ideo'
1367 375 1468 421 dieta
1481 403 1493 422 ‚
1520 376 1631 433 quod
1646 379 1726 418 cuti
1744 378 1837 423 esset
1848 386 1984 439 proxi-

124 440 188 469 ma
203 455 216 475 ,
230 442 469 485 carnemque
484 428 732 481 contingeret
747 456 756 466 .
784 430 895 468 Hanc
914 430 1092 472 nonnulli
1105 430 1375 473 dormitoriam
1389 434 1602 490 appellant,
1615 435 1725 490 quod
1742 450 1897 480 caeteras
1912 455 1981 482 ve·-

122 485 195 528 stes
211 489 316 528 exuti
332 513 344 531 ,
360 485 479 528 solam
494 487 594 527 hanc
617 485 794 528 cubitum
809 485 1024 528 concessuri
1037 489 1271 534 retinerent:
1289 490 1451 544 quidam
1469 490 1672 546 supparum
1686 518 1698 538 2
1719 507 1786 535 aut
1811 493 1979 539 subucu-

119 542 223 591 lam,
249 548 287 586 δε
302 543 493 586 iudufium
510 544 626 584 etiam
644 543 800 588 dixere,
816 543 927 598 quod
944 557 989 584 ea
1004 542 1139 586 subtus
1165 546 1393 587 induamur:
1422 548 1485 597 alij
1511 551 1679 594 tunicam
1699 551 1860 594 linteam
1875 580 1887 598 ,
1915 557 1978 597 vel

124 600 284 647 lineam,
301 601 411 657 quod
427 614 473 641 ex
490 602 571 641 lino
586 599 794 656 plurimum
807 600 920 642 fieret
935 617 944 640 t
959 602 1099 656 vulgus
1113 603 1306 644 camisiam
1320 618 1422 646 nunc
1437 619 1553 649 vocat
1564 632 1576 650 ,
1595 610 1633 648 &
1648 608 1687 648 in
1703 611 1854 651 camisia
1868 614 1977 653 ince-

121 658 241 704 dere,
257 659 412 705 barbari
426 659 563 700 dicunt
575 685 588 703 ,
605 659 716 714 quod
731 658 848 701 latine
865 663 903 699 &
920 660 1120 713 eleganter
1137 686 1149 705 ,
1165 662 1382 702 tunicatum
1397 663 1578 703 incedere
1594 689 1607 707 ,
1633 679 1783 708 veteres
1797 668 1951 711 dixer0
1966 700 1979 711 ,

118 717 210 757 Hoc
225 730 358 758 autem
374 719 473 757 inter
488 718 674 758 nostrates
697 719 735 757 ὅ(
753 729 929 757 veterum
944 715 1150 762 subuculas
1166 718 1342 761 interfuit
1354 744 1366 763 2
1391 720 1502 775 quod
1517 721 1674 763 illorum
1694 723 1770 764 fine
1786 729 1946 768 manicis
1963 754 1976 774 ,

119 774 254 817 nostrae
270 788 400 816 autem
417 776 614 817 manicatae
632 775 795 815 extitere
812 802 822 814 .

65 832 119 883 87
150 831 371 878 Adlocutio
388 834 542 873 Traiani
557 832 605 872 ad
621 833 764 872 milites
778 830 798 871 ὲ
811 829 989 885 suggesto
1011 832 1170 887 lapideo
1183 860 1196 879 ,
1214 835 1407 877 Praefeffls
1419 839 1457 877 &
1474 835 1659 878 Tribunis
1671 842 1950 884 comitantibus
1965 869 1980 889 ‚

119 888 448 946 signislegionum
466 893 503 931 δι
517 890 740 930 cohortium
754 887 775 929 ἓι
794 890 960 944 proprijs
974 889 1163 943 signiferis
1176 891 1310 933 coram
1330 895 1592 950 induetis,qua
1605 895 1775 950 singulos
1794 899 1842 939 ad
1857 901 1977 942 castra

119 946 256 990 sedulo
269 948 478 992 munienda
493 974 506 992 ,
532 951 568 988 ὅ(
581 946 729 992 strenue
745 944 782 987 se
798 948 837 988 in
850 947 958 987 bello
973 947 1159 990 aduersus
1179 950 1306 991 hostes
1324 952 1540 1006 gerendum
1555 953 1786 998 adhortatur
1799 985 1808 995 .
1852 958 1978 999 Habi-

120 1019 183 1047 tus
197 1020 330 1049 autem
347 1005 507 1048 Caesaris
535 1007 572 1046 in
590 1006 822 1046 concionem
838 1004 1067 1058 prodeuntis
1091 1032 1104 1051 ,
1131 1010 1163 1047 is
1182 1020 1265 1048 erat
1290 1025 1297 1048 ε
1330 1010 1650 1066 paludamentum
1667 1013 1846 1055 diffusum
1866 1019 1904 1056 &
1920 1017 1978 1057 la..

119 1077 237 1104 xum:
259 1064 434 1118 chlamys
451 1061 634 1105 conscissa
650 1062 845 1108 laticlauia
858 1087 870 1106 ,
893 1060 1005 1117 super
1019 1063 1221 1109 thoracem
1236 1092 1248 1110 ,
1262 1067 1325 1107 vel
1347 1069 1508 1108 loricam
1526 1069 1662 1122 gestari
1674 1071 1785 1114 solita
1800 1091 1808 1112 :
1823 1075 1977 1116 balteus

121 1120 242 1165 fibula
271 1122 442 1168 astrictus
459 1137 467 1160 ε
494 1119 687 1162 indusium
702 1118 837 1164 subtus
859 1122 1104 1175 campestria:
1122 1122 1255 1177 caligae
1269 1128 1307 1164 δε
1323 1126 1446 1166 calcei
1463 1126 1671 1169 militares:
1687 1132 1840 1184 gladius
1856 1147 1975 1187 capu-

118 1179 160 1221 lo
174 1179 351 1222 eburneo
367 1205 379 1224 ‚
397 1179 459 1220 vel
476 1192 595 1221 aureo
607 1204 619 1222 ,
634 1180 798 1235 gemmis
815 1190 954 1219 ornato
971 1194 979 1218 :
997 1178 1133 1219 dextra
1149 1179 1199 1220 ad
1214 1182 1372 1227 milites,
1384 1183 1528 1237 quibus
1546 1198 1634 1224 cum
1650 1190 1977 1243 loquebatuffiex-

120 1249 228 1282 tenta
240 1254 248 1276 ι
260 1237 421 1283 libellus
437 1237 475 1277 in
492 1236 632 1278 sinistra
645 1262 657 1281 ,
671 1235 794 1277 veluti
808 1235 1056 1281 inuolucrum
1071 1237 1275 1291 quoddam
1293 1265 1304 1284 ,
1320 1241 1388 1295 qui
1406 1239 1428 1280 a
1442 1241 1643 1285 voluendo
1657 1247 1841 1289 volumen
1856 1249 1976 1288 etjam

119 1294 344 1337 dicebatur5
374 1295 601 1340 continebat
613 1306 745 1337 autem
760 1294 791 1333 is
807 1293 870 1334 vel
886 1306 1021 1346 preces
1035 1297 1074 1339 &
1088 1295 1182 1335 ritus
1197 1293 1267 1337 suae
1279 1299 1481 1351 religionis
1492 1324 1504 1342 ,
1533 1300 1596 1339 vel
1611 1300 1826 1347 indiculum
1843 1319 1973 1347 rerum

115 1353 397 1408 gerendarum,
414 1353 476 1392 vel
493 1351 892 1392 commendandarum
910 1354 1105 1392 memoriae
1118 1377 1130 1397 ,
1149 1353 1212 1393 vel
1226 1352 1417 1409 supplices
1435 1356 1592 1399 libellos
1606 1389 1615 1396 .

62 1412 89 1438 ’ἢ
118 1409 124 1411 ’
148 1414 245 1451 Sotto
261 1412 289 1450 il
295 1410 558 1464 paludamento
569 1409 615 1449 vi
627 1411 646 1449 ἓ
663 1409 689 1448 il
703 1408 848 1448 thorace
850 1407 1084 1463 segmentata
1094 1434 1107 1455 ,
1125 1423 1143 1450 e
1160 1411 1315 1466 tagliato
1333 1413 1372 1453 in
1387 1414 1458 1459 due
1469 1414 1589 1455 ordini
1601 1416 1642 1459 di
1644 1416 1769 1472 fascic
1782 1445 1794 1466 ,
1808 1419 1854 1464 &-
1870 1421 1974 1461 ενα-4

119 1467 159 1507 di
172 1468 261 1508 lana
277 1494 286 1513 ,
303 1468 321 1507 ὁ
336 1468 377 1508 di
378 1467 465 1520 seta
482 1480 545 1506 con
552 1464 705 1520 pretiosi
711 1466 915 1506 ornamenti
930 1495 941 1509 .

64 1528 116 1568 8⁵3
147 1526 358 1581 Suggestus
372 1552 384 1571 ,
399 1525 462 1565 vel
479 1524 698 1578 suggestum
710 1549 721 1569 ,
733 1525 882 1566 vtrouis
897 1525 1001 1565 enim
1020 1525 1144 1566 modo
1158 1526 1260 1571 reete
1276 1529 1353 1573 dici
1372 1530 1498 1584 potest
1509 1559 1520 1577 ,
1534 1546 1584 1575 ex
1598 1533 1706 1575 sectis
1718 1538 1756 1577 &
1770 1535 1974 1591 quadran-3

114 1584 312 1638 lapidibus
330 1582 602 1627 constructum,
618 1583 879 1637 Imperatoriae
892 1582 1078 1623 maiestati
1096 1582 1254 1629 decens,
1267 1591 1415 1629 caeteris
1427 1588 1527 1630 locis
1542 1592 1861 1640 circunstantibus
1874 1595 1971 1634 emi..

115 1642 294 1687 nentius,
318 1642 436 1682 toties
453 1640 675 1693 erigebatur
694 1666 706 1684 ³
732 1640 890 1695 quoties
909 1640 1144 1681 concionem
1169 1642 1219 1682 ad
1238 1645 1381 1686 milites
1399 1646 1616 1701 Imperator
1631 1648 1725 1691 esset
1740 1651 1943 1693 habiturus
1957 1669 1969 1693 e

115 1698 211 1741 ficut
226 1711 405 1740 oratores
421 1698 516 1738 olim
530 1711 602 1752 pro
619 1697 747 1738 rostris
761 1722 774 1742 ,
802 1699 1103 1738 concionatores
1117 1702 1236 1741 etiam
1248 1703 1437 1748 nostrates
1452 1704 1474 1744 ὲ
1490 1706 1589 1747 locis
1606 1707 1837 1751 editioribus
1850 1710 1972 1755 verba

114 1755 264 1798 faciunt
279 1784 291 1802 ,
310 1768 354 1800 vt
368 1760 405 1797 &
418 1754 569 1796 facilius
584 1756 732 1810 percipi
747 1781 760 1800 ,
776 1758 814 1796 δι
831 1753 970 1796 melius
982 1755 1002 1796 a
1016 1758 1168 1812 populo
1180 1757 1337 1813 spectari
1355 1761 1495 1816 poffint
1509 1793 1519 1803 .

61 1817 113 1865 89
146 1814 363 1869 Signiferos
379 1826 517 1854 omnes
528 1839 540 1858 ,
553 1814 734 1868 quamuis
751 1812 904 1867 pedites
918 1839 930 1857 ,
943 1816 1115 1855 minores
1131 1817 1272 1859 loricas
1287 1818 1500 1872 gestauiffe,
1516 1824 1554 1868 ὅ(
1570 1823 1701 1876 galeas
1717 1826 1766 1873 ad
1778 1838 1970 1869 terrorem

115 1873 284 1917 hostium
299 1873 466 1917 leoninis
476 1871 540 1914 vel
555 1870 686 1912 vrsinis
696 1870 865 1926 pellibus
881 1874 1023 1918 tectas,
1051 1885 1099 1914 ex
1123 1876 1298 1935 Vegetio
1312 1876 1382 1922 lib.
1405 1892 1536 1935 2.cap.
1559 1886 1620 1920 16.
1634 1883 1854 1940 &Virgilio
1867 1885 1908 1927 in
1928 1898 1969 1936 7-

113 1931 192 1974 iam
210 1929 320 1986 supra
335 1930 544 1972 docuimus
558 1957 568 1968 .
1503 1936 1505 1938 ·

60 2001 114 2040 90
146 1989 319 2034 Milites,
337 2001 383 2028 ne
401 1987 614 2043 aliquando
630 1988 669 2027 in
686 1987 857 2031 tumultu
878 1988 996 2042 praelij
1020 1989 1042 2030 a
1073 1990 1147 2031 suis
1172 1994 1519 2036 contubernalibus
1538 1996 1786 2045 aberrarent,
1808 1999 1969 2053 diuersis

114 2047 347 2087 cohortibus
367 2043 515 2087 diuersa
531 2047 568 2084 in
588 2043 702 2085 scutis
716 2044 819 2098 signa
835 2047 1051 2099 pingebant
1064 2074 1075 2092 ,
1088 2049 1252 2104 quaeipfi
1265 2051 1440 2105 digmata
1456 2054 1724 2101 nominabant,
1736 2070 1779 2098 vt
1788 2057 1968 2103 fulmina,

112 2117 280 2145 coronas
296 2130 308 2149 a
322 2107 435 2144 flores
454 2128 466 2147 s
484 2106 521 2143 &
535 2101 803 2142 huiuscemodi
820 2104 1009 2158 pleraque
1023 2135 1033 2145 .
1062 2107 1119 2146 Ex
1133 2107 1170 2146 di
1177 2110 1316 2161 ginatis
1332 2122 1463 2154 aurem
1478 2112 1707 2165 clypeorum
1722 2115 1892 2165 conijcio
1905 2127 1968 2155 tot

112 2159 347 2204 familiarum
366 2160 526 2214 insignia
543 2160 590 2199 ad
605 2161 779 2214 posteros
797 2159 986 2201 emanasse
998 2188 1009 2207 ,
1026 2167 1065 2205 &
1078 2164 1167 2204 hinc
1183 2167 1346 2218 primam
1363 2167 1557 2222 originem
1572 2167 1719 2211 fluxisse
1735 2202 1744 2211 .
1771 2174 1964 2213 Praetcrea

110 2219 151 2261 in
165 2218 327 2261 aduerso
344 2219 454 2260 scuto
471 2216 769 2273 vuiuscuiusque
782 2219 918 2261 militis
933 2245 945 2263 ,
960 2220 1084 2261 literis
1100 2234 1180 2263 crat
1196 2235 1340 2267 nomen
1354 2223 1560 2279 ascriptum
1576 2250 1589 2271 ,
1605 2226 1742 2270 addito
1753 2241 1801 2270 ex
1815 2241 1893 2283 qua
1906 2227 1965 2270 es-

112 2274 169 2321 set
184 2279 351 2320 cohorte
362 2303 374 2321 ,
391 2289 520 2331 quaue
535 2277 708 2316 centuria
721 2301 733 2319 ,
750 2278 921 2330 Vegetio
938 2279 1104 2318 authore
1117 2278 1186 2318 lib.
1202 2294 1238 2319 2.
1255 2294 1342 2335 cap.
1360 2295 1374 2321 1
1385 2284 1422 2322 8.

56 2349 79 2387 9
92 2348 106 2373 1
141 2337 290 2377 Milites
303 2335 494 2376 thoracati
510 2360 521 2378 ,
537 2334 704 2387 galeati,
722 2335 760 2373 &
779 2331 912 2374 scutati
926 2334 1186 2380 ,intentissimi
1205 2339 1386 2378 concioni
1401 2340 1588 2398 principis
1598 2341 1810 2389 intersunt,
1823 2354 1962 2386 vtmo-

101 2394 225 2450 ‘tigeri
239 2419 251 2439 ,
267 2397 303 2434 &
316 2393 384 2448 qui
399 2393 439 2431 in
453 2392 562 2431 illum
575 2389 695 2431 essent
704 2390 978 2445 propensissimi
995 2421 1005 2430 .

55 2463 106 2500 92
141 2452 315 2498 Thorax,
329 2450 390 2491 vel
408 2462 454 2490 ex
471 2448 600 2489 crudis
617 2450 803 2492 coriaceis
819 2449 1003 2507 cingulis,
1020 2452 1083 2492 vel
1093 2451 1228 2493 ferreis
1242 2452 1396 2498 laminis
1411 2454 1612 2498 confectus
1623 2483 1636 2502 ,
1651 2458 1832 2499 Romano
1844 2457 1959 2503 militi

112 2508 153 2549 in
171 2508 238 2550 vsu
255 2507 330 2548 fuit
343 2536 353 2548 .

52 2579 81 2615 o
89 2579 110 2617 3
143 2566 263 2608 Miles
280 2564 401 2606 securi
413 2566 593 2620 ingentes
609 2563 794 2605 arborum
806 2577 965 2606 truncos
978 2567 1019 2608 in
1031 2565 1146 2609 frusta
1162 2568 1265 2609 secat
1276 2593 1287 2612 2
1302 2569 1384 2623 quo
1396 2570 1550 2614 facilius
1572 2573 1864 2615 commilitones
1887 2573 1957 2617 ins

113 2624 231 2665 castra
246 2623 471 2664 conuehere
483 2650 494 2668 ,
519 2626 557 2664 δε
573 2621 832 2676 transportare
846 2636 994 2679 queant
1008 2653 1018 2663 .
1052 2625 1207 2667 Securis
1220 2638 1350 2669 autem
1361 2654 1373 2673 ‚
1389 2642 1538 2671 aeneum
1562 2632 1624 2672 vel
1636 2629 1804 2671 ferreum
1820 2630 1958 2675 instru-

108 2694 287 2727 mentum
302 2693 385 2723 erat
399 2706 411 2725 ,
430 2679 450 2720 a
468 2680 634 2722 secando
645 2681 791 2721 dietum
808 2707 821 2725 ,
835 2695 918 2735 quo
935 2683 1116 2724 materies
1130 2683 1349 2725 caedebatur
1364 2701 1373 2728 3
1390 2690 1428 2728 &
1446 2688 1494 2728 ad
1512 2687 1731 2730 feriendum
1747 2688 1874 2731 hostes
1886 2688 1960 2729 mi-

111 2742 174 2783 liti
189 2741 371 2780 Romano
385 2740 424 2779 in
435 2737 499 2781 vsu
511 2764 523 2783 ‚
534 2738 630 2779 sicut
640 2741 678 2779 δι
692 2738 976 2792 magistratibus
992 2740 1041 2780 ad
1055 2739 1184 2782 sontes
1202 2742 1429 2795 plectendos
1441 2743 1516 2786 fuit
1528 2775 1538 2785 .
1568 2745 1875 2788 Praefcrcbantur
1889 2759 1958 2787 au·

113 2811 193 2841 tem
209 2797 230 2838 a
247 2796 534 2854 magistratibus
546 2822 559 2842 ,
573 2795 741 2839 fascibus
756 2796 904 2850 illigare
920 2826 929 2835 .
959 2799 1087 2838 Huius
1110 2799 1349 2840 instrumenti
1365 2802 1562 2845 inuenti-ix
1578 2803 1702 2846 fertur
1715 2802 1956 2847 Penthesilea

110 2857 307 2900 Amazon,
322 2855 414 2896 teste
430 2855 558 2896 Plinio
572 2854 642 2897 lib.
657 2867 695 2904 7.
708 2867 794 2909 cap.
809 2859 874 2903 56.
901 2854 1006 2896 vnde
1022 2858 1060 2897 δι
1072 2854 1296 2900 Amazones
1313 2856 1537 2914 securigerae
1551 2860 1573 2901 τὶ
1589 2863 1718 2916 poetis
1729 2861 1828 2913 dicte
1843 2860 1928 2901 sunt
1941 2889 1952 2899 .

52 2927 110 2966 94
139 2914 259 2956 Miles
270 2913 444 2968 cophino
456 2912 632 2957 onustus,
646 2924 693 2952 ex
708 2925 792 2967 quo
805 2912 952 2953 calcem
966 2911 1079 2954 fabro
1095 2915 1264 2956 murario
1282 2916 1468 2959 ministrat
1478 2945 1489 2963 ,
1500 2919 1656 2975 lapidea
1667 2921 1707 2961 in
1722 2919 1849 2960 castris
1865 2931 1952 2957 mo-

107 2984 293 3014 numenta
304 2971 541 3013 construenti
558 2998 568 3009 .
600 2971 688 3011 Fuit
705 2982 839 3011 autem
852 2971 1046 3024 cophinus
1060 2984 1128 3012 vas
1139 2972 1319 3014 rusticum
1331 2999 1344 3018 ,
1359 2973 1383 3014 ὲ
1394 2976 1539 3019 vimine
1551 2990 1782 3020 contextum
1796 3002 1808 3021 ⁹
1833 2974 1952 3018 calci,

104 3042 228 3071 arenae
238 3055 252 3075 ,
264 3041 375 3070 terra:
386 3027 686 3083 transportandae
696 3028 999 3071 accommodum
1016 3055 1028 3074 ,
1038 3029 1169 3071 corbis
1183 3030 1301 3070 ctiam
1312 3031 1458 3074 dietum
1469 3049 1480 3078 ι
1493 3037 1606 3078 cuius
1617 3036 1808 3090 Vegetius
1817 3035 1855 3072 δε
1867 3032 1953 3072 Co-
1992 3055 1996 3058 -

101 3087 265 3130 lumella
281 3085 509 3144 frequenter
523 3088 786 3129 meminerunt
799 3116 811 3130 .
849 3086 946 3128 Eius
963 3099 1095 3129 autem
1112 3086 1282 3129 formam
1303 3103 1351 3136 ex
1365 3090 1444 3133 hoc
1463 3106 1723 3136 monumento
1740 3089 1952 3142 colligere:

103 3145 263 3186 licebit.
362 3145 365 3147 ’
784 3161 791 3169 ι

31 3215 110 3260 «ρςι
124 3204 255 3251 §icam
267 3226 280 3250 ³
296 3215 419 3265 genus
433 3203 551 3264 gladii
562 3203 761 3251 breuiotis
771 3227 791 3250 r
806 3201 916 3261 quafi
937 3201 1067 3248 secam
1078 3204 1220 3249 dictam
1235 3232 1250 3256 2
1272 3207 1296 3252 a
1306 3220 1385 3266 qua
1394 3208 1520 3263 sicarii
1529 3208 1715 3267 appellati
1726 3231 1739 3252 2
1757 3202 1954 3304 wlstan-31
