2221 3512
381 145 497 212 DE
542 139 746 206 COL·
792 136 1203 206 TRAIANI
1250 134 1587 200 CAP·1v-
1764 160 1873 203 101

62 276 87 305 A
122 256 270 309 versus
301 258 506 324 explicare
531 253 732 303 videntur
767 252 862 301 Idil.
891 254 1058 303 XXVI.
1088 249 1280 300 Bacchas
1307 246 1512 317 graphice
1539 248 1877 315 representantes
1907 251 1958 309 ad

128 327 371 381 Pentheum
393 320 826 448 Persggeffiumfflffi
842 321 1099 439 succirgdhs'.
1227 388 1281 437 Ἥ
1320 388 1384 437 ’θ’

941 415 958 437 ο
1433 408 1470 436 ον

397 407 577 518 ξῑιλως
603 464 665 513 ο»,
678 400 971 524 {⁶5:552
987 387 1430 451 *Mem*
1484 417 1500 443 ³

400 533 598 586 Pentheus
614 530 776 600 quidem
780 529 970 598 fugiebat
982 530 1266 598 expauefaffus
1281 551 1295 583 ‚·
1323 548 1367 577 at
1384 530 1456 578 illae
1469 526 1847 597 persequebamum'„

393 607 549 668 Longas
577 604 697 667 vestes
721 600 745 648 ὸ
774 601 928 667 cingulo
957 599 1016 648 ad
1035 602 1198 665 poplites
1226 599 1418 648 trahentes
1441 635 1452 645 .

0 705 1 733 i
58 705 82 737 Β
127 676 202 728 'nec
214 670 333 723 aliter
347 670 461 737 apud
474 687 636 723 veteres
652 672 885 736 Scriptores
899 671 1067 736 reperio
1081 700 1093 713 .
1111 671 1236 734 Qu
1248 668 1391 734 potius
1404 669 1450 715 in
1464 670 1626 717 Cinfflu
1643 667 1821 715 Gabino
1835 679 1955 713 vetus

125 742 250 805 Perfij
267 748 475 808 Interpres
489 740 542 789 ad
554 739 662 789 illud
673 744 758 790 Sat·
765 745 821 790 V·
835 737 969 805 vers-3
985 757 1004 790 ι
1013 772 1024 784 .
1045 742 1267 804 [Succintis
1282 737 1452 800 laribus]
1461 769 1474 792 ,
1488 738 1712 786 dexterum
1725 736 1958 783 humerum

121 812 301 878 (contri-¹2
317 813 365 862 ac
377 811 445 862 hic
460 811 690 875 videmus)
706 808 875 858 nudum
891 808 1162 874 repraesentat
1173 838 1187 864 ,
1200 807 1253 856 sic
1267 809 1416 855 locum
1434 809 1647 873 explicans
1660 841 1676 866 ‚
1689 814 1783 873 quia
1797 803 1956 852 Gabino

120 883 258 933 habitu
275 890 309 933 C
313 882 427 932 initu
435 882 510 953 q'ue
524 887 594 948 Dij
610 888 771 930 Penates
774 876 1076 947 formabantur,
1091 878 1267 926 obuoluti
1281 883 1367 944 togd
1377 877 1499 945 super
1513 878 1722 928 humerum
1731 875 1960 941 fimstrum,

121 953 261 1003 dextro
279 951 409 1002 nudo:
428 955 485 1001 Et
497 951 584 1019 ipse
602 951 775 999 Seruius
791 949 843 997 ad
859 949 934 1000 lib.
951 951 1007 996 V.
1025 947 1189 999 AEneid.
1203 946 1308 996 vers.
1327 963 1381 1008 75
1396 965 1431 1007 5.
1448 948 1580 995 alium
1597 949 1727 994 ritum
1745 945 1954 993 Sabinum

124 1026 143 1087 (
159 1022 386 1072 Gabinum
399 1020 563 1070 fortasse
577 1018 839 1080 dicendum)
857 1017 1006 1084 paullo
1022 1019 1043 1066 a
1060 1017 1264 1066 recensito
1279 1016 1530 1066 diffimilem
1544 1020 1601 1064 ita
1617 1016 1800 1081 explicat
1819 1017 1843 1080 [
1861 1015 1908 1063 V
1909 1035 1952 1061 r-

2 1130 4 1142 .
48 1118 82 1154 c
122 1092 206 1143 bem
223 1090 391 1158 defignae
408 1092 573 1155 aratro]
605 1108 719 1157 quem
746 1096 846 1139 Cato
869 1097 911 1136 in
936 1086 1146 1154 originibus
1173 1086 1269 1135 dicit
1296 1106 1435 1134 morem
1448 1086 1602 1154 fiuffi3
1620 1085 1821 1135 condituri
1845 1093 1954 1134 enim

122 1169 358 1216 Ciuitatem,
372 1178 538 1210 taurum
552 1168 593 1208 in
609 1159 798 1213 dexteri,
815 1177 977 1207 vaccam
997 1153 1233 1224 intrinsecus
1248 1153 1474 1221 iungebant,
1487 1167 1545 1210 (9⁶
1561 1149 1679 1205 einb't'i
1695 1163 1779 1205 ritu
1791 1152 1953 1210 Sabino,

121 1229 217 1300 idest
237 1247 323 1295 tog-e
337 1246 455 1297 parte
470 1245 591 1296 caput
606 1230 728 1278 velati
740 1259 754 1284 ,
765 1245 873 1293 parte
886 1226 1111 1294 succinat,
1139 1225 1322 1275 tenebant
1345 1227 1487 1287 stiuam
1502 1232 1712 1273 incuruam
1725 1255 1739 1279 ‚
1766 1222 1954 1289 vtglebae

119 1317 245 1349 omnes
261 1298 491 1369 intrinficae'cs
509 1297 706 1350 caderent.
720 1298 862 1349 Video
872 1297 983 1346 certe
1001 1296 1284 1345 Prudentium
1297 1294 1412 1345 aliud
1427 1293 1704 1351 sentire,du1n
1715 1296 1761 1341 in
1776 1291 1950 1345 historia

118 1370 314 1416 Romani
331 1370 526 1434 martyris
542 1399 556 1421 ‚
586 1367 810 1417 summum
837 1365 1134 1421 Sacerdotem,
1151 1364 1360 1415 taurobolm
1379 1370 1459 1427 (vt
1475 1384 1526 1414 ex
1545 1363 1694 1413 insanz'l
1720 1360 1793 1411 1113
1812 1361 1954 1429 super-

115 1437 285 1490 stitione
304 1439 458 1505 loquar
474 1455 573 1487 curn
587 1438 727 1506 lapide
741 1437 854 1504 apud
870 1440 1108 1487 Gruterum
1123 1454 1220 1504 pag.
1237 1439 1443 1486 XXVIII.
1463 1455 1505 1484 2.
1519 1440 1539 1498 )
1560 1443 1606 1484 in
1620 1443 1813 1484 aeternum
1837 1453 1953 1485 rena-

4 1541 7 1569 ,
46 1535 79 1570 ρ
115 1524 204 1559 tum
221 1538 235 1566 ,
251 1507 470 1565 deridens,
493 1507 546 1556 de
575 1526 628 1556 eo
641 1511 755 1558 canit
772 1539 787 1565 ,

0 2362 66 2410 μ

391 1577 543 1630 cintia
565 1577 720 1629 Gabino
742 1579 909 1640 sericam
925 1577 1072 1649 fultus
1105 1593 1263 1641 togam5

110 1645 184 1698 sed
201 1645 270 1698 vel
286 1646 356 1695 ille
369 1646 539 1697 habitus
562 1649 668 1698 alius
680 1647 762 1698 fuit
775 1648 827 1694 ab
843 1647 925 1696 hoc
939 1663 1074 1712 quem
1090 1647 1136 1692 in
1152 1643 1373 1695 Columna
1390 1642 1648 1709 descriptum
1662 1644 1857 1693 videmus
1873 1674 1886 1700 ‚
1903 1653 1949 1693 &

113 1716 343 1766 Gabinum
353 1715 470 1766 fuisse
485 1734 577 1765 non
590 1716 864 1776 affentimur3
883 1719 950 1765 vel
967 1714 1228 1765 Prudentius
1242 1715 1389 1780 potuit
1403 1713 1641 1762 formulam
1659 1715 1947 1780 Virgilianarn

115 1785 178 1836 ντὶ
194 1789 328 1838 Po'e'ta
342 1817 358 1841 ,
382 1803 474 1836 non
488 1790 708 1837 veritatem
734 1786 902 1836 seciari:
923 1784 1128 1851 idemcjue
1155 1785 1338 1833 dixerim
1351 1782 1402 1833 de
1419 1786 1594 1832 Lucano
1616 1783 1740 1837 lib.1.
1764 1783 1949 1836 Pharsal.

117 1854 218 1906 vexss
241 1872 296 1915 59
306 1857 351 1909 6.

386 1924 522 1974 Turba
548 1931 674 1973 minor
698 1932 778 1974 ritu
796 1924 988 1993 graditur
1005 1923 1212 1990 succinffa
1237 1923 1423 1974 Gabino:

114 2012 217 2045 nam
234 1993 319 2063 ipse
337 1996 569 2063 Virgilius,
584 2011 675 2043 non
692 1995 930 2045 Sacerdotis
945 2026 960 2051 ,
984 1993 1054 2042 sed
1070 1993 1189 2042 ducis
1204 1994 1514 2043 indumentum
1529 1994 1765 2060 expressum
1781 1992 1954 2041 voluit:

114 2068 173 2115 Et
184 2064 362 2128 quidem
376 2064 559 2113 Consuli
589 2065 749 2114 bellum
765 2065 973 2114 indicenti
992 2065 1061 2112 hic
1077 2066 1261 2114 Cincius
1275 2095 1288 2120 ‚
1303 2063 1388 2113 siue
1404 2063 1445 2114 se
1458 2063 1747 2130 praecingendi
1764 2062 1921 2111 modus
1935 2094 1952 2121 ‚

112 2137 302 2184 maxime
319 2133 605 2184 conueniebat
619 2166 633 2190 ,
652 2135 745 2202 quo
765 2135 963 2201 pacificus
976 2136 1182 2183 Ciuitatis
1199 2136 1326 2185 status
1343 2152 1419 2200 per
1434 2132 1768 2199 assumptionem
1793 2133 1956 2180 milita-

112 2206 170 2252 ris
183 2204 351 2254 habitus
367 2221 459 2255 non
475 2204 712 2254 turbaretur
727 2224 741 2262 3
769 2214 813 2255 ὃς
827 2205 966 2255 rursus
983 2205 1169 2254 militare
1196 2205 1279 2253 hoc
1309 2220 1468 2254 munus
1484 2220 1577 2251 non
1605 2201 1776 2269 prorsus
1797 2216 1953 2268 togato

110 2273 273 2330 habitu,
287 2273 357 2324 sed
372 2290 621 2340 extempore
637 2277 682 2324 in
700 2277 930 2324 militarem
947 2274 1155 2323 conuerso
1169 2288 1458 2342 perageretur.
1485 2272 1638 2339 Siccjue
1649 2272 1762 2339 apud
1775 2273 1952 2321 Liuium

114 2344 386 2396 lib.V.Caius
399 2344 576 2394 Dorsuo
591 2349 656 2394 vir
671 2346 976 2402 militaris,n0n
993 2343 1055 2393 vti
1072 2344 1362 2401 Sacerdos‚sed
1377 2357 1424 2392 vt
1436 2344 1608 2410 gentilis
1623 2344 1766 2392 Fabiae
1778 2344 1954 2397 Gentis,

116 2414 332 2464 &iterum
359 2415 432 2463 lib·
449 2419 568 2467 VIII.
590 2415 698 2466 Pub.
713 2417 879 2465 Decius
902 2420 1028 2465 Pater
1046 2415 1214 2464 Consul
1230 2414 1461 2481 postquam
1476 2414 1516 2461 se
1528 2413 1709 2462 deuouit
1733 2413 1854 2460 Bello
1869 2416 1954 2460 La-

116 2484 237 2538 tino,
263 2500 392 2548 prout
409 2500 495 2532 erat
513 2500 699 2534 armatus
731 2487 775 2532 in
789 2487 877 2533 acie
895 2484 1122 2534 Gabinum
1139 2487 1347 2534 Cinctum
1363 2483 1612 2550 vsurpauit3
1640 2501 1772 2549 quern
1799 2484 1863 2530 vti
1878 2481 1953 2528 de-

109 2553 289 2602 uotione
303 2584 316 2607 ‚
343 2556 401 2600 ita
429 2563 471 2601 &
498 2555 647 2605 habitu
667 2557 858 2604 imitatus
883 2556 1036 2604 dicitur
1068 2556 1191 2604 Bello
1221 2556 1461 2603 Samnitico
1492 2555 1659 2602 Decius
1674 2552 1784 2600 filius
1802 2551 1880 2602 lib.
1894 2558 1950 2599 X.

109 2622 206 2671 Imo
223 2639 276 2668 ne
295 2621 511 2672 dubitetur
526 2626 602 2672 vni
619 2640 691 2674 aut
706 2625 826 2674 alteri
842 2656 855 2680 ,
872 2626 941 2674 vel
958 2642 1166 2691 tanquam
1186 2624 1425 2679 Sacerdoti,
1440 2624 1509 2673 vel
1522 2638 1732 2689 tanquam
1751 2624 1920 2687 Auguri
1935 2655 1966 2680 ,.

109 2707 179 2749 aut
194 2691 396 2741 Pontifici
412 2695 697 2760 competijsse3
726 2713 817 2744 rem
846 2697 929 2745 toti
957 2696 1158 2745 exercitui
1185 2711 1470 2743 communem
1488 2725 1503 2749 ‚
1522 2694 1648 2741 docet
1671 2709 1752 2740 nos
1776 2691 1919 2740 Festus
1936 2721 1952 2746 ,

0 2784 18 2825 ς
44 2776 73 2808 o
111 2761 194 2811 stuc
213 2763 301 2810 eius
317 2763 592 2830 Epitomator
611 2765 780 2813 Paullus
798 2767 1020 2814 Diaconus
1035 2800 1049 2823 ‚
1067 2767 1272 2815 Procinffa
1294 2765 1410 2834 claffis
1435 2762 1638 2813 dicebatur
1651 2768 1741 2812 cum
1756 2770 1951 2810 exercitus

109 2832 260 2882 cinfilus
280 2851 361 2879 erat
388 2833 542 2881 Gabino
559 2834 716 2884 Cinstu
732 2834 930 2904 confestim
951 2852 1230 2901 pugnaturus:
1263 2835 1384 2900 quod
1410 2834 1575 2882 &alibi
1603 2834 1887 2899 explicauerat
1905 2834 1951 2879 in

109 2901 240 2951 verbo
260 2901 575 2969 Endoprocinffu
587 2935 602 2960 ‚
611 2905 828 2970 procrustes
840 2937 854 2960 ,
872 2904 1214 2972 quafipraecmstos
1232 2922 1356 2972 atque
1370 2903 1568 2971 expeditos
1579 2935 1594 2961 ,
1611 2921 1705 2952 nam
1721 2902 1830 2970 apud
1841 2909 1952 2950 anti-

113 2988 198 3036 quos
215 2982 306 3038 togis
321 2972 492 3021 incimfii
504 2974 695 3040 pugnaffi
721 2973 912 3023 dicuntur
925 3007 938 3020 .

177 3041 380 3108 Ιάειηεῂυε
393 3042 549 3110 probat
574 3043 737 3092 celebre
755 3043 1081 3109 Cenotaphium
1105 3045 1229 3105 ‘Lucij
1245 3042 1419 3092 Caesaris
1435 3060 1571 3108 nuper
1584 3043 1609 3090 εὶ
1625 3048 1681 3095 V.
1695 3047 1748 3090 C.
1766 3047 1815 3089 P.
1830 3043 1955 3085 Hen-

112 3110 197 3159 rico
214 3115 349 3164 Notis
365 3113 636 3170 illustratum,
654 3117 698 3163 in
713 3132 805 3181 quo
830 3116 1013 3164 Cinctus
1031 3116 1249 3171 Gabinus,
1262 3114 1345 3166 siue
1361 3127 1410 3163 vt
1424 3113 1483 3161 ibi
1499 3113 1651 3177 dicitur
1672 3111 1950 3174 ,CABINVS

207 3224 209 3226 .
1801 3193 1893 3224 110ss
