2221 3512
374 204 494 269 DE
539 202 745 268 cot·
791 199 1215 290 TRAIANI
1263 201 1462 268 CAP·
1508 208 1619 268 iii·
1775 213 1853 294 ες

161 321 231 367 De
247 317 459 365 Danubio
474 347 485 372 ,
500 319 562 365 ait
586 318 807 366 Ciaconus
825 336 946 365 num.
966 336 1044 382 40.
1059 318 1178 384 quod
1195 320 1408 384 Illyricum
1423 322 1576 367 alluit:
1594 319 1715 385 quod
1731 323 1934 385 quamuis

89 390 328 438 Ptolemaeo
341 388 707 453 Geographorum
721 390 906 454 principi
915 387 1179 444 aduersetur,
1191 391 1268 453 qui
1286 394 1396 438 inter
1409 391 1630 456 Illyricum
1648 395 1667 451 (
1679 405 1809 455 prout
1824 392 1933 438 Dal-

88 461 269 506 matiam
282 455 641 521 comprehendit)
665 467 710 506 Sc
724 459 983 508 Danubium
994 490 1008 514 ,
1035 461 1284 507 Pannonias
1303 493 1315 513 ,
1331 461 1599 508 Dardaniam
1615 491 1628 514 ,
1652 468 1694 507 S<
1710 459 1931 524 Mysiam..

86 526 348 593 superiorem
363 526 547 574 collocat
562 546 574 584 3
590 542 738 576 tamen
752 528 889 576 libens
905 528 1089 575 admitto
1103 561 1117 584 ,
1144 528 1244 575 cum
1259 531 1347 592 aliis
1361 530 1610 578 authoribus
1626 547 1717 577 non
1732 528 1929 578 destitua-

89 611 157 645 tur
171 634 182 648 .
214 599 325 645 Non
342 595 524 661 proinde
540 597 804 646 admittenda
819 600 876 647 est
902 599 1092 646 extensio
1105 603 1152 647 N
1159 602 1331 646 eoterici
1348 631 1362 653 ,
1379 602 1456 664 qui
1476 600 1607 654 dicit,
1635 600 1760 648 illurn
1777 597 1929 666 ingredi

88 665 363 717 Schlauom'am
378 695 393 721 ,
418 665 539 732 quod
561 667 678 718 idem
695 669 754 718 est
777 673 825 716 ac
839 688 935 717 eam
949 670 1232 716 Prouinciam
1259 670 1486 716 interluere
1500 707 1512 720 .
1550 673 1675 717 Nam
1690 672 1894 734 quamuis
1909 703 1926 728 ,

16 768 41 799 Β
89 752 134 784 Vt
148 737 185 783 ei
199 751 371 783 morem
388 753 603 805 geramus,
614 739 880 786 Schlauoniae
897 754 1067 786 nouum
1082 754 1248 787 nomen
1263 756 1343 804 pro
1355 742 1484 787 veteri
1497 738 1751 787 &latissime
1763 744 1925 803 patenti

80 806 256 872 Illyrico
271 806 559 872 accipiamus,
587 813 763 857 Paeones
778 839 792 863 ³
817 809 995 856 Rhaetos
1011 839 1025 863 ‚
1050 810 1269 864 Noricos,
1287 818 1330 856 &¹
1350 809 1518 875 Mysios
1533 840 1547 863 ,
1573 826 1620 855 ac
1644 808 1852 875 quicquid
1867 809 1926 860 est

78 875 130 921 ad
142 877 360 923 dexteram
388 878 581 940 Danubii
598 881 712 928 iuxta
731 882 986 946 Appianum
1010 881 1055 925 in
1070 879 1225 946 Illyric.
1256 880 1597 946 compleaente,
1612 877 1682 926 seu
1700 896 1802 926 cum
1820 882 1925 927 Sue-

78 946 206 992 tonio
220 947 266 992 in
279 946 427 999 Tiber.
450 965 539 1016 cap.
557 954 679 999 XVI·
695 966 772 997 toto
786 949 972 1016 Illyrico,
985 949 1089 1014 quod
1103 957 1206 996 inter
1221 956 1242 996 1
1247 950 1406 1010 taliam,
1427 950 1687 1017 Regnum-jue
1699 943 1926 1007 Noricum,

79 1015 405 1072 &Thraciam
435 1028 493 1070 (9⁴
517 1019 807 1067 Macedoniam
831 1049 844 1071 ,
874 1019 1057 1087 interq'ue
1085 1017 1321 1066 Danubium
1335 1017 1496 1084 flumen
1512 1053 1521 1068 ‚
1554 1034 1614 1071 (φ
1638 1019 1774 1081 finum
1802 1027 1923 1066 maris

80 1082 292 1134 Adriatici·
299 1101 411 1150 patet
427 1107 440 1137 ε
467 1087 604 1136 adhuc
620 1106 711 1136 non
727 1089 804 1137 erit
819 1088 897 1138 nifi
911 1089 1135 1137 limitanea
1147 1118 1162 1144 ,
1177 1096 1221 1137 &t
1236 1106 1328 1135 non
1344 1092 1488 1154 peruia
1504 1089 1714 1135 Danubio
1736 1092 1923 1137 Prouin-

12 1179 42 1210 ς
79 1158 141 1205 cia
155 1187 166 1198 .
187 1156 231 1202 Si
248 1155 349 1202 vero
366 1157 476 1203 mihi
493 1159 719 1225 obijciatur
736 1177 787 1207 ex
805 1157 908 1208 Rufi
925 1158 1032 1209 Festi
1049 1162 1172 1210 Breu.
1189 1161 1300 1208 inter
1315 1161 1478 1207 XVIII.
1494 1159 1653 1225 Illyrici
1670 1161 1922 1207 Prouincias

82 1227 213 1275 etiam
229 1224 331 1270 duas
356 1229 512 1276 Dacias
529 1229 856 1284 connumerari,
878 1248 931 1278 ex
944 1228 1102 1277 eodem
1125 1227 1306 1277 authore
1331 1227 1597 1294 deceptionis
1614 1227 1749 1278 caussa
1773 1244 1923 1292 patens

83 1296 177 1350 erit5
193 1293 341 1360 paullo
356 1298 475 1345 enim
491 1313 589 1346 ante
602 1298 832 1354 dixerat,ex
846 1299 947 1349 versi
965 1297 1102 1348 Daci&
1114 1298 1222 1348 vltra
1233 1300 1514 1354 Danubium,
1530 1317 1603 1364 per
1617 1300 1924 1356 Aurelianum,

81 1366 292 1414 translatis
311 1365 464 1414 exinde
480 1371 694 1418 Romanis
710 1401 725 1426 ‚
751 1369 858 1419 duas
883 1371 1042 1419 Dacias
1065 1369 1123 1417 cis
1142 1369 1401 1418 Danubium
1422 1372 1468 1418 in
1482 1368 1732 1435 regionibus
1751 1369 1924 1417 Moefiae

76 1455 124 1483 ac
142 1433 370 1485 Dardaniae
384 1435 552 1487 effecfitas
565 1438 713 1498 fuisse3
740 1439 873 1505 iddue
895 1440 977 1489 late
1006 1438 1280 1507 prosequitur
1306 1440 1558 1489 Pancirolus
1584 1442 1629 1486 in
1645 1441 1791 1487 Notit.
1806 1441 1918 1505 Imp.

74 1504 228 1556 Occid.
243 1520 334 1569 cap·
358 1511 608 1558 CXXVIII.
633 1510 686 1557 de
706 1512 801 1563 Vic.
820 1514 930 1559 Dae.
945 1519 990 1558 δε
1009 1514 1132 1559 Rect.
1160 1513 1237 1576 qui
1263 1508 1341 1558 sub
1370 1527 1424 1557 eo
1439 1524 1584 1566 erant;
1612 1508 1922 1576 agnouitcjueffl

10 1599 40 1631 1>
76 1575 345 1625 doffiffimus
360 1579 606 1628 Holstenius
636 1582 682 1627 in
702 1584 915 1629 Annotat.
932 1579 985 1628 ad
999 1579 1128 1629 Thes·
1146 1580 1290 1630 Ortel-
1306 1580 1439 1628 verbo
1455 1582 1500 1629 V
1503 1579 1682 1645 [pianum
1696 1612 1708 1625 .

77 1641 91 1646 *7
149 1649 248 1694 Nec
269 1642 436 1696 felicius
462 1650 619 1698 alicubi
645 1650 894 1716 suppletur,
913 1650 1049 1717 quam
1075 1649 1328 1697 emendetur
1342 1653 1586 1705 Ciaconus3
1609 1666 1713 1698 nam
1727 1648 1781 1696 ad
1794 1648 1920 1697 numJ

85 1732 195 1784 197·
226 1713 335 1772 vbi,
363 1735 414 1764 ex
434 1723 582 1767 Dione
601 1721 823 1767 Valesiano
837 1752 851 1776 ,
868 1721 1048 1770 Lusium
1073 1738 1120 1766 ac
1137 1723 1317 1769 Mauros
1331 1718 1516 1766 subsidio
1532 1717 1690 1768 venisse
1713 1721 1918 1784 probaui-

80 1801 179 1834 mus
191 1815 205 1840 ,
235 1792 280 1832 Sc
309 1785 381 1833 vbi
402 1788 509 1835 illud
540 1791 698 1837 Dionis
728 1809 780 1838 ex
807 1791 1041 1857 Xiphilino
1065 1791 1274 1854 conijcere
1302 1787 1525 1853 possumus
1538 1819 1554 1844 ,
1583 1787 1738 1836 scilicet
1753 1820 1768 1843 ,
1796 1789 1917 1854 quod

79 1857 293 1905 Traianus
313 1862 508 1906 contendit
537 1859 594 1908 ad
615 1858 779 1907 editiora
803 1859 883 1908 loca
899 1867 1095 1908 montium
1109 1895 1123 1919 ,
1150 1862 1241 1925 alijr
1257 1876 1376 1926 atque
1399 1860 1488 1924 ali'js
1505 1875 1703 1923 occupatis
1728 1859 1917 1914 collibu53

75 1923 250 1974 aedificia
263 1923 335 1970 illa
349 1943 557 1976 montana
569 1959 583 1984 ‚
608 1927 753 1977 nescio
765 1948 819 1978 an
831 1931 996 1996 templa
1007 1961 1021 1983 ·,
1036 1947 1090 1977 an
1105 1946 1218 1977 arces
1229 1960 1243 1984 ,
1260 1931 1329 1977 vel
1344 1930 1509 1977 castella
1519 1960 1533 1985 ,
1547 1932 1656 1976 inter
1671 1945 1767 1994 quae
1781 1924 1916 1976 trans-

10 2016 35 2051 ε
74 2008 248 2042 currunt
262 1995 418 2045 milites
436 1998 663 2065 superioris
678 1999 842 2047 ordinis
858 2032 869 2055 ,
883 2001 1076 2050 Nouitio
1093 2002 1312 2064 interpreti
1329 1998 1501 2047 seorsim
1516 2000 1538 2045 εὶ
1555 2001 1754 2046 Ciacono
1765 1998 1913 2046 viden-

76 2080 145 2112 tur
157 2065 374 2130 sepulchra
390 2071 580 2118 militum
611 2074 920 2118 Romanorum
934 2101 949 2127 ‚
964 2085 1139 2119 motum
1164 2069 1204 2117 se
1222 2067 1413 2117 afferenti
1430 2068 1589 2116 indicio
1605 2067 1798 2116 funebris
1812 2068 1916 2134 signi

74 2138 279 2183 arborum
295 2136 482 2195 illarum,
495 2157 602 2206 quas
617 2139 828 2205 cupressus
851 2160 902 2189 ex
915 2139 1161 2189 acuminata
1177 2138 1313 2205 figurzi
1330 2139 1490 2187 indicat
1505 2173 1515 2183 .
1548 2139 1624 2187 Ast
1639 2156 1721 2203 ego
1738 2143 1758 2200 (
1772 2156 1913 2201 pace-i

76 2208 164 2253 eius
194 2205 407 2276 dixerim)
428 2211 494 2258 hic
518 2210 756 2276 cupressum
781 2210 1030 2260 simulatum
1059 2210 1217 2266 video·,
1248 2227 1352 2257 nam
1378 2209 1544 2274 primo,
1562 2208 1771 2256 militibus
1802 2208 1911 2256 caeiis

78 2278 302 2328 Traianus,
318 2295 369 2324 ex
383 2280 535 2328 eodem
553 2281 800 2346 xiphilino,
816 2299 907 2328 non
925 2281 1143 2345 sigillatim
1159 2280 1393 2345 sepulchra,
1412 2285 1534 2341 (nam
1550 2278 1593 2326 id
1610 2280 1741 2326 nimis
1759 2294 1913 2342 opero-

76 2347 169 2395 sum
186 2344 321 2393 fmiiet
337 2354 353 2408 )
371 2350 501 2398 sedin
515 2350 762 2399 viiiuersum
778 2353 1059 2400 concrematis
1073 2370 1124 2398 ex
1139 2349 1364 2416 disciplina
1380 2349 1564 2396 castrensi
1576 2380 1590 2403 ,
1605 2365 1722 2396 aram
1739 2346 1884 2395 statuit
1896 2380 1911 2404 ,

8 2444 30 2473 ιι
73 2425 115 2464 δι
135 2420 366 2479 quotannis
390 2423 599 2485 parentari
627 2422 771 2470 iuffit:
791 2437 837 2469 vt
862 2425 907 2470 in
932 2421 1059 2470 simili
1087 2422 1374 2469 tumultuario
1400 2418 1547 2466 funere
1563 2417 1781 2466 Hannibal
1795 2418 1911 2484 apud

75 2486 255 2536 {illium
267 2485 342 2538 lib.
359 2490 732 2556 XX11.ftpeliendi
746 2493 873 2558 cauffii
887 2491 1054 2559 confirri
1071 2498 1114 2538 in
1131 2510 1262 2541 vnum
1280 2506 1430 2553 corpora
1437 2491 1600 2551 suorum
1614 2490 1716 2555 suffit
1727 2519 1741 2542 a
1757 2486 1810 2534 ad
1827 2489 1907 2537 οὲἶο

74 2555 206 2603 millia
211 2551 339 2619 futffir
368 2561 563 2607 dicuntur
578 2560 876 2628 fiirtiffimorum
901 2570 1126 2617 virorum3
1158 2578 1248 2626 quo
1277 2562 1403 2624 paeto
1418 2564 1674 2624 Qquoque
1693 2556 1905 2605 Claudius

74 2622 244 2674 Consul
258 2623 333 2674 lib.
350 2632 536 2678 XXVII.
557 2631 722 2694 suorum
749 2648 902 2695 corpora
932 2632 1071 2678 collata
1101 2639 1142 2676 in
1160 2649 1292 2676 vnum
1310 2630 1471 2694 sepeliri
1489 2645 1670 2676 curauit:
1688 2644 1766 2674 nec
1784 2625 1902 2675 secus

72 2695 363 2746 Germanicus
390 2698 500 2763 apud
527 2702 781 2748 Suetonium
806 2704 852 2747 in
880 2699 1078 2766 Caligulii
1091 2738 1102 2758 ‚
1128 2700 1304 2765 ciessrum
1332 2698 1439 2747 clade
1474 2701 1662 2746 Variani
1691 2716 1836 2744 veteres
1857 2717 1903 2746 ac

68 2762 256 2829 disperfits
267 2769 461 2836 reliquias
473 2788 553 2817 vno
568 2771 723 2817 tumulo
737 2770 977 2818 humaturus
992 2772 1137 2836 collegit
1153 2788 1164 2817 :
1183 2778 1226 2816 ἃ
1241 2787 1314 2834 per
1330 2767 1606 2818 Antiochum
1621 2765 1903 2814 commenda-

1 2855 32 2886 G
60 2836 230 2881 tionem
247 2834 319 2885 sibi
334 2837 449 2904 apud
467 2838 728 2888 Macedonas
743 2853 1000 2905 qua-rentem
1016 2871 1030 2893 ‚
1046 2857 1197 2888 eorum
1210 2838 1484 2887 cadaueribus
1509 2838 1588 2902 qui
1600 2835 1654 2884 ad
1665 2840 1819 2905 Cynos
1833 2854 1903 2884 ce-

68 2902 215 2970 phalas
239 2906 478 2956 ceciderant
494 2910 673 2957 tumulus
698 2912 748 2971 est
762 2931 806 2957 m
822 2929 952 2958 vnum
968 2909 1099 2976 offibus
1113 2940 1127 2965 ,
1143 2928 1223 2974 quae
1231 2909 1368 2977 paffim
1378 2912 1504 2973 strata
1522 2924 1650 2961 erant,
1665 2915 1898 2955 coaceruatis

58 2974 229 3041 fissus,
253 2977 370 3027 idem
387 2980 534 3026 Liuius
555 2977 627 3027 lib·
644 2984 853 3028 XXXVI-
871 3013 884 3036 ‚
901 2979 1233 3027 Atheniensium
1256 2977 1484 3044 exemplO,
1506 2975 1560 3025 de
1582 2975 1742 3043 quibus
1770 2977 1899 3025 Silius

69 3043 144 3109 lib.
160 3048 279 3096 XIII.

337 3117 558 3183 Cecropidae
581 3116 624 3165 ob
645 3124 822 3183 patriam
856 3121 1065 3168 Mauortis
1087 3116 1190 3183 sorte
1207 3135 1419 3185 peremptor
1433 3149 1447 3175 ‚

343 3191 561 3238 Decreuere
583 3187 714 3254 stmul
737 3187 1009 3238 communibus
1039 3208 1153 3238 'urere
1170 3187 1377 3254 flammis.

1247 3261 1267 3305 I
1679 3258 1723 3298 δέ
1736 3266 1821 3316 prce

21 356 49 386 Λ
