2221 3512
25 246 53 282 A

11 1558 23 1574 '²
87 1554 550 1620 praeternauigantibus
570 1555 652 1604 sese
665 1556 874 1605 offerebat
891 1590 903 1603 .

19 1694 22 1747 J
90 1694 432 1761 progymnasma
445 1714 598 1743 eorum
615 1725 631 1751 ‚
656 1714 753 1762 quae
768 1697 820 1745 de
847 1698 1003 1746 celebri
1018 1697 1069 1744 ad
1084 1699 1298 1746 Fucinum
1313 1695 1493 1760 Claudij

291 116 424 183 DE
512 119 1126 188 EMISSARIO
1220 125 1589 190 FVCINI
1718 150 1836 216 393

90 221 206 272 dicto
224 229 376 293 Specui
406 230 704 285 imminentis,
733 239 775 278 δέ
802 233 927 279 Ι)ι”υο
945 236 1178 282 Vincentio
1196 237 1380 302 Martyri
1403 234 1575 290 dicatae,
1603 249 1741 301 partes
1761 256 1854 303 quae
1869 239 1923 289 acl

93 301 257 346 Lacum
280 307 324 347 &
349 300 577 347 Pitonium
595 299 905 353 obuertuntur‚
925 322 974 350 ex
1001 303 1141 369 lapide
1156 304 1393 369 quadrato,
1421 304 1679 370 &infignis,
1694 308 1921 359 vetustissi-

90 368 262 432 maecjue
277 367 489 416 strueturae
505 367 688 416 existunt
703 400 720 424 ,
729 386 860 435 prout
872 389 953 419 nos
969 374 1015 420 in
1032 374 1198 422 Tabulzi
1216 374 1497 428 antecedenti,
1511 374 1563 421 ab
1580 375 1666 435 alijs
1680 377 1919 439 ruderibus,
1992 437 1997 443 ,

89 435 245 485 additis
257 436 361 485 baiis
373 445 417 487 δε
431 455 600 487 coronae
614 442 1189 498 ornamenti5‚diffinximus;
1207 462 1388 508 quarum
1403 444 1471 490 hic
1485 441 1711 511 separatim
1728 461 1919 516 ortogra-

92 507 247 573 phiam
263 507 406 556 vides.
435 507 568 556 Vnde
588 508 708 556 certo
726 509 962 560 asseruerim
978 543 994 567 ,
1015 515 1168 563 Fucini
1180 517 1226 561 in
1242 514 1318 560 suo
1334 514 1512 561 effluuio
1750 535 1751 540 ¹

92 576 179 624 hoc
194 579 431 644 Templum
446 577 571 628 fuiffe
582 596 597 636 3
627 578 727 627 huic
743 597 936 646 namque
952 583 1089 630 fimile
1105 586 1152 632 in
1168 584 1384 648 positione
1397 613 1411 636 ,
1442 583 1512 629 sed

97 646 275 695 Vrbanss
292 648 513 696 vicinitate
530 649 663 713 longe
689 649 906 716 augustius
924 682 938 706 ‚
969 652 1020 699 acl
1048 652 1323 703 Emiss'arium
1338 657 1511 700 Nemo-

91 715 224 765 rensis
239 720 379 766 Lacus
393 718 544 766 inueni
558 737 572 776 3
592 720 717 767 cuius
733 719 947 786 specimen
963 725 1008 769 in
1024 722 1120 770 mea
1139 724 1247 788 Agri
1266 722 1509 770 Suburbani

91 785 377 851 descriptione
393 790 647 855 opportune
664 788 777 837 dabo
794 807 808 836 x
824 789 999 856 Hicque
1016 791 1142 840 stulta
1161 793 1369 857 religione
1385 793 1509 840 Fuci-

91 873 174 904 nus
196 859 416 913 venerari,
447 873 580 924 atque
610 860 654 906 in
683 874 784 908 vota
812 863 956 908 vocari
985 865 1155 926 potuit,
1171 868 1190 924 (
1208 877 1255 910 vt
1270 864 1378 928 lapis
1396 862 1508 911 istm,

91 925 326 988 Phoebonij
344 958 359 983 ,
386 930 657 995 negligenter
673 931 878 994 quamuis
907 945 954 978 vt
969 948 1080 997 puto
1114 945 1322 999 exceptus
1338 964 1351 989 ,
1377 945 1508 998 prout

92 999 231 1044 caeteri
249 999 362 1045 illius
375 998 489 1054 libri,
503 1016 603 1065 pag.
620 1009 651 1045 6
661 1017 700 1050 2.
720 999 912 1060 testatur)

555 1073 596 1116 C
632 1088 645 1101 ·
685 1070 917 1117 GAVIVS
947 1089 959 1101 ·
988 1073 1032 1117 H

553 1141 586 1186 F
601 1154 613 1168 ·
642 1141 706 1186 C·
738 1142 1026 1188 VEREDVS

551 1209 597 1255 G
620 1221 632 1236 ·
647 1210 679 1254 F
694 1222 707 1236 ·
723 1210 1018 1257 MESALLA

549 1280 688 1326 FVCI
700 1281 801 1327 ΝΟ
837 1300 850 1312 ·
875 1283 917 1327 V
951 1293 966 1306 ·
991 1283 1016 1326 S

693 1351 728 1395 L
769 1363 782 1377 ·
822 1350 873 1396 M

89 1413 162 1464 'vbi
181 1412 320 1480 postea
335 1416 503 1463 meliori
519 1417 909 1472 cultu,Vincentius
924 1420 969 1466 in
993 1418 1108 1466 mari
1126 1414 1345 1466 demersus
1358 1450 1372 1474 ,
1388 1418 1506 1468 inde-

87 1483 174 1548 cjue
189 1484 400 1533 diuinitus
414 1488 570 1534 eiectus
582 1486 635 1533 ad
653 1488 753 1534 litus
768 1519 781 1542 ‚
807 1487 1058 1553 praesentius
1076 1503 1240 1535 numen
1257 1491 1502 1539 Fucinum,

89 1668 93 1673 .
161 1624 324 1672 Verum
341 1625 545 1677 haec¹satis
562 1626 614 1674 de
631 1629 811 1675 Pitonio
827 1632 964 1694 Specu
979 1627 1091 1675 dicta
1105 1625 1234 1674 sunto
1247 1659 1262 1684 ,
1278 1624 1395 1694 quafi
1412 1627 1496 1677 iti-l

85 1762 309 1811 limissario
337 1766 511 1814 iamiam
535 1765 722 1815 differere
749 1769 1015 1834 accingimur
1026 1798 1041 1822 2
1071 1780 1119 1816 vt
1149 1767 1339 1816 eundem
1354 1771 1493 1832 operis

86 1831 308 1898 magnifici
326 1850 455 1900 atque
472 1835 660 1902 praeclari
679 1837 954 1886 conditorem
972 1835 1208 1902 probemus
1226 1869 1239 1881 .

156 1906 426 1952 Emillarium
442 1937 458 1961 ‚
471 1906 553 1953 hoc
570 1906 627 1955 est
644 1941 658 1964 ,
672 1906 996 1960 subterraneum
1013 1912 1197 1973 Specum
1213 1938 1228 1961 ,
1243 1924 1315 1973 per
1332 1925 1493 1973 quem„

87 1974 224 2020 Lacus
242 1977 390 2023 Fucini
409 1993 520 2041 aqua
535 1977 580 2022 in
609 1979 746 2025 Lirim
763 1996 968 2033 amnem,
1000 1991 1153 2026 monte
1169 1979 1247 2041 qui
1269 1979 1491 2027 interiacet

84 2041 267 2106 perfoffo
280 2075 294 2097 ,
324 2048 587 2094 emitteretur
601 2078 614 2103 ,
641 2046 666 2096 ὲ
684 2047 871 2096 Claudio
884 2047 1122 2115 perfectum
1136 2045 1254 2094 fuisse
1270 2078 1284 2101 ‚
1306 2066 1436 2096 nemo
1451 2065 1603 2114 negare
1618 2051 1804 2114 poterit,
1831 2048 1911 2097 nisi

84 2114 159 2177 qui
172 2112 296 2161 simul
309 2114 442 2162 tribus
455 2116 699 2165 clarillimis
711 2117 899 2167 eiusdem
915 2118 1054 2167 saeculi
1067 2116 1530 2183 Scriptoribusffllinio,
1546 2120 1701 2167 Tacito
1714 2150 1729 2175 ,
1741 2127 1784 2167 Sc
1801 2122 1908 2166 Sue-

19 2238 22 2242 .
85 2184 212 2230 tonio
225 2182 353 2232 fidem
372 2186 515 2250 aperte
530 2186 723 2238 detrahat
736 2221 749 2232 .

156 2256 500 2319 Antiquissimus
517 2274 667 2305 eorum
684 2258 850 2307 Plinius
865 2287 877 2311 ,
895 2264 936 2304 &
952 2258 1072 2321 operi
1088 2257 1163 2323 ipfi
1178 2275 1408 2323 aequaeuus,
1423 2258 1683 2323 grauiffimis
1698 2258 1855 2314 verbis,
1869 2265 1914 2306 Sc

29 2331 39 2348 ²
83 2324 144 2370 rei
173 2324 522 2388 magnitudinem
554 2326 734 2374 mirifice
762 2324 1153 2393 amplificantibus,
1190 2328 1464 2376 Emiss'arium
1490 2328 1571 2375 hoc
1605 2327 1801 2376 describit
1834 2327 1919 2378 lib.-

86 2397 295 2441 XXXVI.
313 2400 504 2458 cap.XV·
533 2395 727 2461 Eiusdem
744 2404 779 2445 C
783 2396 915 2463 laudij
930 2405 1035 2443 inter
1048 2395 1222 2446 maxime*
1238 2396 1489 2445 memoranda
1506 2396 1685 2464 equidem
1702 2398 1914 2451 duxerim,

85 2469 271 2529 quamuis
286 2464 516 2529 destitutum
525 2464 748 2531 succeffiaris
761 2465 845 2514 odio
858 2497 872 2521 ,
899 2484 1071 2515 montem
1093 2467 1308 2533 perfoffiaem
1325 2465 1382 2515 ad
1395 2472 1599 2515 Fucinum
1617 2470 1774 2514 Lacum
1801 2471 1915 2514 emie-

87 2529 252 2580 tendum
268 2550 282 2589 3
310 2533 568 2582 menarrabili
575 2536 750 2601 profi-Hb
763 2533 960 2600 impendio
973 2566 989 2590 ,
1018 2551 1083 2594 εγ
1100 2552 1300 2601 operarum
1318 2535 1581 2585 multitudine
1605 2552 1677 2601 prr
1695 2554 1750 2583 tot
1765 2554 1884 2583 annos
1899 2552 1915 2593 3

87 2597 179 2648 crim
195 2609 410 2651 corriuatio
421 2603 720 2672 aquarumque
737 2624 907 2653 terrenus
923 2624 1030 2654 mons
1045 2624 1143 2663 erat,
1163 2623 1338 2672 egeretur
1354 2614 1398 2655 in
1411 2613 1602 2655 verticem
1618 2604 1828 2660 machinis,
1842 2621 1914 2652 aut

80 2670 186 2735 filex
200 2670 393 2720 cederetur
405 2704 419 2728 ‚
437 2674 646 2743 omniaq'ue
667 2674 771 2722 inuis
791 2682 832 2723 in
849 2675 1011 2723 tenebris
1020 2674 1163 2742 fierent
1177 2705 1189 2727 ‚
1208 2693 1292 2742 quae
1307 2695 1432 2743 neque
1444 2682 1592 2741 concipi
1606 2682 1736 2723 animo
1747 2705 1761 2730 ,
1777 2673 1916 2737 mst'ab

90 2747 137 2806 qs
149 2743 221 2807 qui
237 2740 391 2799 videre,
410 2762 530 2810 neque
545 2743 720 2791 humano
728 2745 909 2809 sermone
924 2749 1102 2792 enarrari
1108 2745 1270 2808 poffimt
1288 2778 1301 2792 .
1334 2748 1436 2792 Haec
1451 2744 1637 2799 PliniuS,
1652 2746 1727 2809 qui
1745 2746 1915 2809 magni-

21 2810 26 2821 '
85 2811 361 2875 loquentiam
375 2810 493 2860 suam
511 2815 559 2860 in
575 2812 654 2860 hzic
672 2816 1000 2880 exaggeratione
1014 2813 1291 2880 profudisset,
1318 2815 1515 2880 vaneque
1533 2824 1573 2862 δέ
1587 2813 1764 2862 ridicule
1774 2812 1917 2880 perdi-¹

86 2879 207 2929 diffet
219 2911 233 2935 ‚
258 2880 289 2928 si
305 2899 417 2948 opus
433 2896 657 2948 tantopere
673 2884 897 2932 extolleret
910 2915 925 2940 ,
947 2883 1070 2950 quod
1090 2886 1211 2931 irrito
1225 2897 1383 2932 conatu
1397 2883 1637 2950 proceffiss'e
1652 2883 1831 2931 volunt.
1859 2887 1915 2930 Et

84 2964 304 3015 quatenus
319 2971 367 3000 ex
380 2954 470 3000 eius
488 2952 626 3002 verbis
641 2954 786 3020 aliqua
804 2952 1062 3018 ambiguitas
1079 2954 1181 3000 oriri
1196 2952 1328 3018 posset
1341 2984 1356 3009 ,
1372 2954 1490 3019 quafi
1503 2985 1518 3010 ‚
1536 2953 1744 3019 perfoffio
1759 2950 1811 3000 ad
1823 2957 1866 3000 F
1867 2972 1916 3000 u·-

85 3028 222 3067 c-inum
237 3026 392 3072 Lacum
409 3021 676 3071 emittendum
693 3054 708 3078 a
723 3025 1084 3088 praeparationem
1099 3022 1318 3087 quandam
1332 3054 1346 3078 ,
1358 3024 1497 3072 adhuc
1512 3022 1664 3074 effetstu
1678 3035 1918 3070 carentem..

23 3157 26 3161 .
81 3087 290 3140 inferant:
311 3094 496 3145 aliorum
510 3091 930 3143 consensusomnem
945 3092 1270 3142 dubitationem
1284 3094 1400 3144 tollit
1410 3125 1425 3151 ‚
1454 3096 1695 3161 quominus
1711 3088 1919 3149 Claudius

1104 3161 1249 3213 Ddd
1756 3176 1850 3209 non
