2221 3512
43 221 45 225 Α
85 185 172 229 259-
201 177 390 222 Veterani
416 180 558 220 milites
584 179 661 221 iter
671 177 821 232 ingr-effi
837 205 848 223 ,
868 179 1058 221 thor-acati
1073 207 1083 225 ,
1102 173 1297 235 clypeati,
1311 186 1348 224 δε
1361 185 1528 237 galeati,
1554 182 1766 230 Traianum
1781 186 2001 246 Augustum

143 246 382 287 praeeuntem
401 235 616 292 sequuntur
632 262 645 281 ,
660 239 699 278 δε
716 236 919 291 {igniferos
936 249 1013 278 tres
1028 237 1280 292 ,aquiliferos
1298 241 1462 295 inquam
1486 243 1587 283 duos
1604 269 1616 287 ‚
1645 248 1683 285 Sc
1698 247 2001 300 imaginarium,

141 305 262 334 vnum
279 319 291 339 ,
307 292 468 336 vlteriiis
484 294 781 348 progredientes
798 323 809 332 .
850 293 945 352 Qo
961 296 1225 348 proculdubio
1239 297 1463 352 colligitur,
1474 299 1570 341 duas
1583 298 1695 342 fuin‘e
1707 303 1747 344 in
1760 303 1837 345 hoc
1850 305 1997 348 Roma-

142 363 284 392 norum
300 352 415 392 Bello
431 364 523 393 tunc
535 351 727 405 legiones,
740 352 779 391 in
796 351 959 394 Daciam
976 349 999 392 a
1015 352 1166 396 Caesare
1183 354 1340 397 aliunde
1357 356 1532 400 inductas
1543 383 1556 402 ,
1571 359 1609 400 ὅ(
1625 357 1694 401 sub
1706 360 1876 416 imagine
1886 364 1994 418 prin·

40 448 41 451 ,
138 408 238 461 cipis
249 434 262 453 ,
277 409 376 450 alios
389 409 594 450 auxiliares
607 411 647 450 ὅ(
662 407 788 451 socios
802 406 981 451 militasse
1001 438 1012 447 .

83 466 109 491 ’κ’
171 468 224 506 In
235 475 330 507 tutte
337 477 394 507 tre
408 465 442 505 le
454 465 689 519 instgnesbno
704 465 866 519 l’Aquile
884 491 898 510 ,
913 480 931 506 e
944 465 1132 521 l'imagine
1140 467 1200 508 del
1211 467 1373 522 Principe
1383 471 1474 522 ‚sblo
1487 471 1609 525 quella
1624 471 1665 512 di
1675 487 1804 514 mezzo
1815 489 1885 515 non
1895 475 1914 516 ἑ
1926 490 1988 517 ro..

124 517 254 572 strata
267 548 280 568 ,
293 538 311 563 e
324 532 418 564 tutte
432 524 487 564 tr&
500 522 621 564 hanno
635 522 790 576 qualche
804 521 1008 577 dtffirenza
1022 552 1032 562 .

80 593 99 619 2
109 585 159 620 60
195 582 385 622 Traianus
398 580 657 635 Augustusm
669 580 887 635 expeditius
899 580 1070 636 praefidia
1087 581 1319 627 traduceret,
1331 586 1489 638 quoties
1506 584 1527 626 ξι
1541 585 1713 631 barbaris
1730 590 1985 649 Romani,qui

131 650 236 679 trans
256 638 485 679 Danubium
498 638 668 691 agebant
680 664 692 682 ,
720 651 992 692 premerentur
1007 664 1019 682 ,
1043 638 1240 692 lapideum
1257 653 1418 694 pontem
1434 641 1547 697 super
1562 645 1695 686 Istrum
1713 645 1839 689 facere
1866 662 1986 691 exco-

129 696 290 749 gitauit:
308 709 409 749 opus
427 694 513 737 sane
531 696 748 737 mitandum
765 722 778 741 ,
804 698 841 735 δε
858 694 1026 737 maxime
1040 696 1295 740 memorabile
1307 724 1319 742 ,
1334 700 1397 741 cui
1411 712 1547 743 caetera
1559 701 1663 743 illius
1676 716 1796 757 opera
1807 707 1870 747 vix
1882 706 1984 748 adae-

129 753 243 806 quari
258 751 415 807 possunt
428 768 438 797 5
452 753 624 808 impensa
638 751 816 806 profecte>
832 754 997 807 ingenti,
1008 756 1046 795 &
1061 767 1148 809 quae
1161 752 1279 795 fidem
1293 754 1445 809 supetat
1459 785 1469 796 .
1502 757 1604 798 Illud
1619 761 1723 805 enim
1740 763 1870 803 mirari
1885 776 1982 804 con·

129 810 240 850 uenit
255 835 267 854 ,
278 823 448 866 quanam
466 812 674 855 ratione,&
688 810 834 865 quibus
850 810 997 851 viribus
1016 836 1028 855 ,
1043 824 1178 865 quoue
1193 811 1359 856 artificio
1370 840 1381 858 ,
1396 815 1435 855 in
1451 815 1517 855 illa
1532 817 1729 869 gurgitum
1747 819 1951 861 altitudine
1965 845 1980 864 ,

130 878 292 922 tamque
306 869 494 922 praecipiti
520 869 642 909 fluuio
655 893 668 912 ,
697 880 779 908 tum
796 866 950 922 lingulae
966 868 1157 910 columnoe
1172 871 1297 912 extrui
1314 870 1527 916 valuerint,
1554 885 1797 917 tantarumue
1812 877 1978 920 molium

126 921 382 965 fundamenta
398 925 554 968 stabiliri
575 953 585 964 .
621 924 734 967 Vada
752 937 935 979 praeterea
956 923 1094 967 limosa
1108 938 1241 972 erant,
1258 941 1388 982 neque
1413 931 1536 970 amnis
1558 930 1636 971 alio
1652 933 1775 973 auerti
1799 946 1975 987 poterat.

128 984 286 1037 Qanta
302 981 396 1023 vero
412 983 580 1023 altitudo
596 981 642 1023 fit
657 995 767 1037 aquae
779 1008 791 1027 2
803 985 842 1027 &
856 981 976 1036 quam
989 981 1066 1023 late
1079 994 1213 1037 pateat
1227 986 1366 1030 amnis,
1377 999 1528 1030 narratu
1545 986 1703 1031 difficile
1725 991 1861 1033 existit.
1877 993 1976 1032 Fue·-

126 1051 218 1079 runt
230 1051 362 1080 autem
379 1040 469 1081 huic
486 1040 675 1094 stupendo
690 1041 802 1094 ponti
818 1040 956 1093 viginti
977 1040 1064 1095 pilae
1079 1054 1127 1082 ex
1148 1041 1341 1095 quadrato
1353 1042 1484 1100 lapide
1497 1071 1510 1091 ,
1533 1044 1750 1088 altitudinis
1764 1061 1920 1091 centum
1933 1052 1975 1092 δε

125 1097 414 1150 quinquaginta
429 1097 573 1151 pedum
590 1123 602 1141 ,
614 1109 751 1150 praeter
765 1096 1018 1137 fundamenta
1029 1123 1041 1141 ,
1057 1098 1274 1141 latitudinis
1288 1098 1485 1156 sexaginta
1501 1131 1512 1142 .
1548 1103 1703 1145 Distant
1716 1105 1818 1148 inter
1829 1106 1867 1147 se
1880 1120 1973 1149 cen-

126 1164 210 1201 tum
226 1157 265 1197 &
279 1151 524 1209 septuaginta
539 1154 707 1209 pedibus
721 1170 731 1197 5
754 1153 970 1198 fornicibus
983 1154 1076 1198 ver'o
1091 1156 1384 1210 ,coniunguntur
1395 1187 1405 1197 .
1444 1161 1539 1201 Haec
1555 1161 1680 1201 moles
1693 1187 1705 1206 ,
1731 1164 1768 1204 δι
1787 1177 1886 1217 pons
1899 1177 1972 1219 per

122 1208 258 1252 saecula
280 1212 572 1257 memorandus,
588 1212 637 1252 ab
653 1211 854 1254 Hadriano
872 1211 1022 1257 Caesare
1033 1213 1188 1254 Traiani
1203 1211 1416 1255 successore
1432 1241 1444 1260 ,
1472 1230 1519 1257 ex
1535 1217 1653 1261 caulis
1672 1231 1751 1259 non
1766 1220 1868 1262 reete
1881 1234 1971 1277 pes.

119 1266 245 1322 penfis
259 1293 271 1313 ,
281 1269 432 1313 dirutus
448 1273 486 1311 ἀ
500 1269 714 1313 demolitus
731 1269 862 1322 postea
875 1267 972 1315 fuit,
985 1269 1153 1325 vestigiis
1169 1272 1264 1313 tanti
1278 1273 1408 1325 operis
1423 1274 1488 1314 vix
1502 1274 1644 1317 relictis
1657 1299 1669 1318 ,
1685 1276 1786 1318 adeo
1795 1290 1837 1319 vt
1847 1279 1970 1323 hodie

120 1324 390 1379 incpmpertus
407 1325 501 1369 ess'et
515 1327 653 1371 locus,
678 1327 745 1371 nili
762 1339 881 1381 opere
907 1329 944 1366 &
969 1327 1267 1380 inuestigatione
1285 1330 1441 1373 Ioannis
1459 1330 1686 1384 Cuspiniani
1707 1333 1940 1386 proderetur
1954 1365 1968 1380 .

119 1381 198 1424 Hic
214 1384 319 1428 enim
333 1384 374 1424 in
388 1383 549 1426 Austriae
566 1383 827 1439 descriptione
839 1409 851 1427 ,
864 1385 902 1424 in
917 1382 1094 1424 inferiori
1110 1387 1324 1430 Pannonia,
1336 1401 1415 1429 non
1433 1388 1571 1441 procul
1588 1387 1610 1432 52
1626 1390 1799 1433 Canizza
1813 1393 1966 1447 oppido

119 1437 233 1481 fitum
247 1439 406 1496 affignat
417 1467 428 1486 ,
440 1441 507 1481 vbi
521 1442 721 1494 proximus
739 1441 866 1481 existit
881 1439 970 1480 fons
987 1441 1148 1495 quidam
1164 1443 1442 1487 celeberrimus
1458 1471 1470 1489 ,
1487 1446 1608 1500 quiin
1622 1444 1847 1501 sanguinem
1865 1453 1965 1493 verti

120 1494 447 1543 solet,obitus,vel
460 1497 718 1539 infortunium
728 1499 866 1552 ingens
883 1499 1035 1551 Regum
1053 1500 1261 1553 Hungariae
1274 1499 1301 1540 fi
1316 1502 1536 1546 immineat:
1555 1503 1666 1559 quod
1682 1505 1804 1547 multa
1814 1506 1964 1549 incola-

115 1565 201 1594 rum
217 1556 482 1609 experimenta
497 1555 804 1610 comprobarunt
815 1584 825 1594 .
848 1555 898 1595 Et
912 1568 1153 1611 quamquam
1168 1558 1207 1597 in
1222 1558 1294 1598 hac
1309 1560 1442 1614 pontis
1457 1560 1741 1614 orthographia
1756 1564 1888 1605 omnia
1901 1566 1961 1606 in-

116 1621 226 1664 tegra
240 1625 320 1653 non
334 1611 428 1657 fint,
444 1613 511 1653 vbi
526 1626 606 1654 non
623 1624 685 1653 tot
693 1613 796 1667 pilae,
813 1624 872 1652 tot
886 1610 1055 1654 fornices
1068 1639 1080 1659 ,
1097 1628 1175 1654 uon
1193 1615 1271 1655 Istri
1287 1617 1430 1659 fluenta
1444 1616 1714 1671 dcfignentur;
1731 1623 1961 1673 praetermit.

112 1678 247 1711 tuntur
259 1681 388 1711 tamen
404 1669 453 1711 ab
470 1668 725 1724 scalptoribus
737 1682 972 1710 marmorum
989 1670 1043 1710 ob
1055 1671 1133 1711 loci
1149 1673 1360 1725 angustiam
1374 1698 1387 1717 ,
1401 1675 1439 1715 &
1456 1686 1499 1715 vt
1514 1674 1598 1724 alijs
1614 1674 1850 1719 fimulachn's
1861 1678 1960 1723 inibi

109 1725 276 1767 induetis
289 1727 400 1769 locus
414 1740 560 1768 vacuus
576 1727 818 1783 relinquatur
832 1752 845 1771 ,
860 1727 995 1782 aliquo
1006 1728 1182 1770 indiculo
1197 1742 1278 1770 rem
1296 1728 1463 1783 tetigisse
1477 1733 1672 1778 contentis
1687 1760 1698 1773 .
1724 1734 1812 1779 Fuit
1824 1746 1959 1779 autem

112 1782 301 1824 Traianus
317 1782 419 1825 adeo
436 1786 619 1838 magni&
632 1784 769 1825 excelli
781 1784 921 1828 animi,
940 1797 984 1825 vt
998 1799 1058 1826 res
1074 1785 1467 1841 magnificentiffimas
1479 1802 1558 1831 non
1570 1787 1694 1830 solum
1708 1794 1957 1846 excogitant,

107 1837 174 1881 sed
193 1844 230 1881 &
243 1839 382 1884 fecerit
393 1841 580 1896 plurimas
593 1857 604 1885 3
630 1843 800 1884 extruxit
811 1842 913 1883 enim
926 1842 1239 1898 Marcianopolim
1251 1845 1290 1884 in
1309 1844 1448 1889 Moeiia
1463 1871 1476 1890 ,
1503 1859 1622 1902 quam
1637 1846 1659 1887 εἰ
1673 1849 1832 1895 nomine
1846 1847 1956 1892 soro-

108 1898 160 1939 ris
190 1898 398 1940 Marcianae
421 1899 634 1954 appellauit
648 1914 658 1943 ς
688 1899 908 1952 Nicopolin
935 1899 974 1939 in
1002 1900 1191 1945 Thracia,
1216 1903 1412 1955 geminam
1439 1902 1493 1943 ob
1523 1905 1722 1946 vietoriam
1735 1932 1746 1951 ,
1763 1906 1813 1948 de
1831 1907 1954 1951 Dacis

107 1968 224 1996 vnam
240 1981 252 2000 ,
266 1956 317 1996 dc
331 1957 515 1998 Sarmatis
530 1956 692 1998 alteram
707 1971 717 2000 3
730 1956 1027 2012 Traianopolin,
1040 1957 1154 1998 vrbes
1164 1958 1331 2012 insignes
1349 1988 1359 1997 .
1392 1959 1435 1999 In
1451 1960 1558 2002 Vrbe
1575 1963 1715 2003 Forum
1732 1963 1953 2010 aedificauin

105 2012 293 2066 palatium
305 2038 317 2058 ,
330 2013 613 2055 bibliothecam
628 2039 640 2059 ,
655 2015 850 2068 porticum
865 2039 877 2058 ,
895 2013 1065 2056 thermas
1079 2029 1089 2057 3
1113 2016 1153 2056 in
1182 2016 1286 2067 ostijs
1311 2016 1464 2058 Tiberis
1490 2031 1648 2071 portum
1680 2017 1950 2074 sumptuofiffi-

105 2082 214 2111 mum
232 2085 241 2113 ς
266 2069 461 2125 Hispanias
476 2084 638 2125 pontem
655 2071 705 2111 de
721 2071 789 2112 suo
804 2072 963 2111 nomine
978 2073 1134 2114 Traiani
1149 2074 1387 2127 appellatum
1417 2072 1529 2128 super
1553 2078 1730 2131 Tagum,
1754 2079 1835 2120 vias
1850 2079 1951 2121 inibi

103 2126 340 2181 longissimas
352 2128 563 2170 constrauit
577 2154 589 2173 2
614 2132 653 2171 &
668 2129 798 2183 glarea
814 2131 853 2168 &
866 2127 972 2173 ealce
985 2130 1152 2170 muniuit
1166 2155 1178 2175 ,
1200 2143 1243 2171 vt
1254 2130 1373 2190 vsque
1384 2131 1433 2173 ad
1446 2133 1609 2173 nostram
1623 2146 1774 2176 aetatem
1787 2136 1949 2190 integrae

104 2187 271 2230 maxima
286 2198 333 2225 ex
345 2198 454 2239 parte
468 2184 718 2240 perseuerent
733 2214 743 2225 .
783 2186 910 2227 Vrbes
924 2184 1046 2227 socias
1062 2186 1267 2241 magnifice
1281 2189 1402 2231 iuuit;
1420 2187 1562 2246 easque
1576 2192 1687 2246 aquis
1699 2216 1712 2236 ,
1727 2192 1919 2245 portubus
1931 2220 1945 2239 ,

101 2240 316 2287 frumento,
330 2243 516 2298 operibus
527 2243 901 2297 publicis,'pecunia,
915 2242 1374 2302 honoribus‚caeterisque
1387 2246 1502 2286 rebus
1519 2249 1760 2303 auxit2atque
1776 2252 1946 2293 ornauit.

45 2300 71 2325 ἦ
129 2299 302 2351 ΒςῙενὶιιε
314 2303 433 2340 Dione
448 2298 567 2354 questo
582 2303 694 2341 Ponte
706 2301 746 2343 di
757 2299 924 2341 mirabile
945 2299 1096 2355 edificio,
1110 2315 1174 2341 con
1189 2303 1296 2342 venti
1302 2303 1372 2355 pili
1383 2303 1424 2343 cli
1431 2318 1572 2346 marma
1584 2305 1687 2359 quad
1690 2316 1771 2344 rato
1784 2305 1857 2349 alti
1868 2307 1944 2348 CL.

93 2356 321 2409 piedisenza
335 2356 609 2408 lifondamenti
618 2384 630 2403 ,
644 2357 768 2412 lar-ghi
783 2360 865 2398 LX.
879 2372 897 2396 e
908 2354 1134 2410 distantifra
1147 2359 1221 2402 loro
1230 2362 1382 2401 CLXX.
1393 2361 1493 2413 piedi
1505 2360 1534 2399 li
1544 2362 1649 2415 quali
1653 2363 1721 2414 pili
1721 2362 1768 2412 si
1770 2364 1942 2418 congiun-

92 2427 236 2468 geuano
251 2427 314 2453 con
318 2414 376 2469 gli
387 2416 500 2455 Archi
514 2431 523 2454 :
540 2428 645 2468 opera
661 2415 881 2460 incredibile,
897 2414 959 2455 che-
966 2427 1033 2466 per
1044 2416 1082 2455 la
1089 2415 1302 2469 profwdita*
1316 2444 1328 2462 ,
1341 2432 1358 2456 e
1362 2429 1429 2470 per
1442 2419 1481 2461 la
1497 2419 1716 2470 impetucfitd
1730 2420 1940 2474 dell'acqua

99 2485 169 2512 non
177 2481 353 2525 permette
369 2472 506 2527 edificio
517 2472 647 2512 alcano
660 2499 673 2518 ,
701 2472 925 2525 ne‘sipoteua
947 2472 1122 2518 diuertire
1146 2502 1156 2512 .
1186 2474 1228 2514 Il
1241 2477 1352 2515 Ponte
1365 2475 1568 2530 edficatoui
1580 2477 1633 2516 da
1654 2474 1822 2519 Traiano
1834 2492 1938 2518 ενα...

99 2539 192 2568 tutto
203 2528 242 2567 di
254 2542 394 2569 marmo
410 2543 472 2569 con
478 2529 536 2584 gli
548 2529 664 2575 archi,
677 2528 795 2583 questo
812 2531 872 2570 che
886 2530 1060 2569 vediamo
1075 2525 1312 2583 &sabbricato
1326 2532 1367 2570 di
1381 2543 1576 2574 trauature
1587 2533 1629 2573 di
1637 2533 1737 2588 legno
1750 2549 1812 2574 con
1823 2534 1853 2574 li
1856 2534 1935 2588 fili

90 2586 158 2638 pili
169 2585 336 2639 dipietra
352 2585 470 2640 ’fiffe
481 2599 546 2636 per
563 2587 602 2628 la
618 2586 779 2642 necqffita*
792 2589 832 2628 di
835 2586 1002 2643 paffizrui
1013 2617 1023 2628 .

41 2651 92 2684 26
103 2657 118 2683 1
153 2644 342 2685 Traianus
363 2645 510 2698 pineas,
522 2648 560 2686 &
580 2646 678 2687 alios
693 2659 766 2700 pro
779 2659 957 2700 tempore
971 2648 1009 2686 δε
1029 2646 1190 2699 regione
1203 2644 1366 2692 fruetus,
1380 2647 1420 2688 in
1433 2645 1658 2689 sacrificium
1675 2647 1788 2703 super
1800 2651 1936 2693 aram-i

95 2701 232 2745 adolet
245 2726 259 2747 ,
285 2701 339 2742 ob
354 2703 486 2755 pontis
500 2700 786 2745 absolutionem
801 2704 889 2753 Dijs
902 2705 1094 2756 praecipue
1110 2704 1256 2757 gratias
1269 2715 1388 2757 agens
1415 2720 1424 2743 x
1446 2705 1578 2745 vinum
1603 2705 1818 2760 desuper&
1833 2708 1935 2749 alios

93 2759 269 2813 liquores
285 2757 554 2802 suaueolentes
570 2760 591 2801 ὲ
608 2774 741 2815 patera
754 2759 1074 2814 superinfundens
1087 2789 1097 2804 .,
1134 2762 1214 2802 Cui
1228 2761 1320 2805 astat
1333 2761 1437 2811 tibijs
1451 2775 1592 2802 canens
1609 2789 1621 2808 ‚
1639 2764 1831 2808 Camillus
1841 2777 1934 2810 cum

94 2817 220 2860 thuris
235 2828 366 2861 acerra
381 2841 394 2861 ,
410 2819 517 2871 Popa
530 2830 682 2859 taurum
697 2819 737 2858 in
752 2819 944 2862 vic‘timam
960 2818 1194 2863 mac‘taturus
1209 2846 1221 2856 .

35 2876 61 2899 ‘³‘
122 2872 288 2914 L'babito
299 2874 341 2913 di
352 2874 520 2914 Traiano
534 2876 553 2914 ἑ
567 2874 730 2927 dfiesato
747 2889 764 2915 e
766 2873 892 2926 simile
904 2875 959 2915 ad
969 2888 1050 2915 vna
1067 2885 1253 2918 mezzetta
1265 2874 1466 2930 rouesciata
1477 2875 1630 2917 indietro
1643 2876 1688 2917 st>
1701 2876 1872 2932 laspalla
1890 2907 1904 2919 .

0 2961 1 2966 ,
35 2935 114 2971 262
149 2931 389 2976 Decebalus,
399 2933 636 2986 primoribus
652 2933 772 2973 Dacis
798 2935 837 2973 &
859 2933 1042 2976 Sarmatis
1063 2934 1217 2987 aliquot
1230 2934 1279 2974 :id
1293 2934 1503 2975 Traianum
1516 2933 1630 2976 miffis
1643 2961 1657 2982 ,
1681 2936 1929 2979 conditiones

89 2989 195 3041 pacis
209 2988 410 3031 simulator
429 2990 639 3043 postulauit
652 3015 666 3035 ,
695 3003 775 3030 non
791 3002 920 3030 tamen
930 2989 1005 3030 fuit
1018 2990 1040 3030 a
1055 2988 1205 3032 Caesare
1220 2990 1424 3032 exauditus
1437 3016 1449 3035 2
1475 2993 1544 3046 qui
1561 2990 1676 3039 semel
1692 2995 1730 3033 &
1757 2994 1927 3037 iterum,

83 3045 322 3100 prodegerat
346 3044 466 3088 fidem
481 3062 491 3090 3
520 3060 642 3107 quare
658 3046 802 3093 infecto
817 3048 981 3101 negotio
994 3048 1044 3088 ad
1062 3047 1308 3092 Decebalum
1322 3048 1522 3090 redierunt
1535 3079 1546 3090 .
1588 3050 1668 3092 Vbi
1684 3053 1722 3090 &
1734 3051 1927 3091 Sarmata-

84 3115 170 3142 rum
187 3102 344 3146 habitus
359 3106 466 3159 pacis
484 3118 662 3159 tempore
673 3131 686 3150 ,
701 3105 823 3146 vestes
839 3103 984 3151 scilicet
998 3102 1200 3159 promissas
1215 3104 1338 3160 vsque
1352 3105 1402 3146 ad
1425 3106 1526 3147 talos
1539 3133 1551 3153 ,
1577 3108 1743 3149 cinctum
1763 3104 1825 3145 vel
1841 3105 1926 3146 bal·-

83 3172 190 3201 teum
207 3159 426 3203 latissimum
443 3188 457 3209 ,
482 3164 622 3206 vittam
641 3163 891 3219 quorundam
915 3163 1043 3218 capita
1064 3162 1322 3208 redimentem
1335 3189 1349 3209 ,
1369 3163 1542 3220 pileum,
1565 3165 1730 3209 aliorum
1745 3162 1932 3218 amicicnf

81 3230 160 3259 tem
171 3217 305 3261 videre
319 3220 372 3263 est
388 3249 399 3260 .

1652 3281 1679 3334 ᾗ
1709 3274 1875 3321 L'habitae
