2221 3512
106 173 207 216 tioni
221 175 513 221 accommodas
525 177 721 222 aedificant
733 207 746 226 ‚
771 183 939 222 maxima
965 182 1163 236 lignorum
1181 186 1295 239 copia
1311 188 1351 228 in
1367 188 1485 229 strues
1507 203 1578 243 pro
1595 203 1642 231 eo
1658 191 1724 234 vsu
1737 197 1945 242 congesti,

107 245 194 297 quat
209 232 380 289 scalpris,
395 240 434 278 3<
449 237 683 279 malleorum
697 239 854 283 ictibus,
866 238 957 290 alijs
981 254 1028 281 ue
1043 243 1317 289 instrumentis,
1333 243 1462 286 secant
1475 273 1485 290 ,
1501 260 1690 292 excauant
1701 277 1711 295 ‚
1728 241 1958 299 conserunt,

104 290 296 347 aereisque
305 293 428 335 clauis
443 294 612 336 artifices
628 297 891 350 compingunt
904 325 914 334 .
945 253 1065 352 Xpud
1083 312 1233 341 veteres
1248 315 1296 342 ex
1311 302 1488 357 cypresso
1501 331 1513 348 ,
1530 307 1620 358 pinu
1638 307 1861 349 domestica,
1878 311 1955 351 {iue

104 347 294 404 syluestri‚
307 351 427 393 larice
438 379 451 398 ,
464 356 503 394 δι
520 352 665 397 abiete,
680 353 859 394 Liburnae
875 352 1184 397 conficiebantur
1197 373 1206 400 ς
1220 361 1305 398 oerei
1317 386 1328 404 ,
1345 359 1478 402 ferreis
1489 387 1500 405 ,
1517 363 1618 403 claui
1631 363 1931 417 praeferebantur
1942 394 1957 413 ‚

78 430 80 433 v
103 406 217 463 quod
233 408 308 450 hos
320 421 501 465 tempore
517 413 556 450 &
573 410 740 452 humore
757 412 935 451 celeriter
951 412 1092 467 rubigo
1108 414 1324 460 consumat,
1334 418 1423 459 illos
1439 421 1533 460 vero
1549 434 1618 460 nec
1634 435 1723 463 aetas
1741 436 1807 463 aut
1819 427 1953 466 fluctus

104 478 247 507 atterat
259 492 272 512 ,
292 466 359 508 sed
375 467 500 522 magis
514 468 554 508 in
569 468 654 509 dies
668 467 795 510 seruet
808 495 821 513 ,
842 468 938 509 licet
953 469 1161 523 dispendio
1176 472 1248 513 fint
1272 476 1434 516 maiori.
1463 476 1723 519 obseruatum
1740 494 1952 533 praetcrea.s

102 523 126 564 ὲ
143 525 358 566 maioribus
373 551 386 570 ‚
410 524 603 567 vtiliffime
618 526 700 580 post
728 526 930 567 solstitium
944 527 1116 569 aestiuum
1135 527 1256 584 vsque
1270 532 1318 571 ad
1339 535 1613 586 aequinostiuin
1632 539 1879 581 autumnale,
1907 542 1947 580 δι

100 581 290 637 deinceps
303 583 355 623 ad
368 583 563 625 Kalendas
577 583 698 639 vsque
714 585 925 628 Ianuarias,
936 582 1372 633 fortiores,duri01·es,&
1385 590 1561 631 sicciores
1576 592 1651 632 esse
1667 594 1795 634 trabes
1811 594 1949 635 abscis-

99 637 181 683 sas;
199 640 311 696 quod
323 639 349 680 fi
363 639 560 681 accesserit
573 667 585 686 ‚
612 640 635 681 a
649 641 942 697 quintadecima
959 642 1068 683 Luna
1082 644 1131 683 ad
1149 645 1371 697 vigesimam
1397 649 1549 688 tertiam
1575 649 1693 707 Vsque
1716 652 1810 691 caedi
1827 666 1948 693 mate-

99 699 199 740 riem
210 699 420 742 ,immunis
436 697 608 740 seruatur
620 697 642 740 ὲ
658 700 761 739 carie
771 724 783 743 ,
797 698 959 753 reliquis
974 713 1103 740 autem
1118 701 1258 742 diebus
1272 701 1428 744 abscissa
1444 731 1456 748 ,
1468 707 1655 746 continuo
1669 707 1827 749 senescit
1841 735 1855 753 ,
1879 712 1948 750 in.-

98 756 229 797 tabem
248 759 287 796 &
303 757 506 810 puluerem
521 757 713 801 vertitur,
729 756 840 811 quod
855 769 915 796 ars
933 760 971 798 &
985 758 1216 812 quotidiana
1235 763 1504 814 experimenta
1517 765 1846 817 comprobarunt:
1868 769 1949 807 Ro-

101 827 308 854 manorum
332 815 451 856 etiam
467 814 608 868 religio
623 814 760 855 docuit
773 839 786 859 ‚
812 813 873 855 his
899 826 1051 856 tantum
1077 818 1168 858 odo
1183 816 1324 859 diebus
1337 832 1411 873 pro
1433 822 1645 862 aeternitate
1674 820 1857 864 sacrificia
1885 837 1949 865 ce-

103 871 318 913 lebranda-J
331 900 342 911 .

45 941 129 981 304
161 929 262 970 Daci
278 929 439 969 castrum
453 955 466 974 ‚
480 928 545 970 seu
562 929 754 984 oppidum
771 928 975 984 quoddam
991 931 1185 971 munitum
1198 956 1210 974 ,
1231 929 1254 971 ὲ
1268 933 1449 974 Romano
1464 935 1590 976 milite
1604 949 1838 991 occupatum
1854 964 1867 982 ,
1883 950 1950 980 ex-

102 999 278 1041 pugnare
290 999 477 1027 conantes
494 1013 506 1031 ,
521 989 688 1028 maxima
706 988 796 1028 vi&
813 987 918 1027 caede
929 988 1170 1042 repelluntur
1186 988 1207 1027 a
1224 989 1448 1031 Caesarianis
1465 993 1654 1034 militibus
1669 1020 1680 1038 ,
1697 996 1765 1049 qui
1780 994 1948 1050 presidio

99 1044 124 1085 ὸ.
141 1045 310 1084 Traiano
327 1043 481 1084 fuerant
496 1045 617 1085 relicti
646 1073 656 1082 .
699 1045 810 1085 Saxis
825 1057 956 1086 autem
969 1070 982 1090 ‚
996 1059 1082 1101 quae
1106 1047 1278 1101 ingentia
1292 1049 1332 1090 in
1350 1049 1484 1092 Dacos
1501 1062 1549 1096 ex
1565 1052 1683 1093 muris
1699 1052 1921 1094 deuoluunt
1933 1079 1947 1099 ,

103 1101 272 1142 maxime
289 1099 325 1141 se
343 1100 477 1142 obieffi
493 1115 649 1142 tuentur
663 1130 673 1140 .

50 1172 127 1214 305
166 1160 334 1200 Romani
351 1158 494 1200 milites
509 1185 520 1203 ‚
536 1161 606 1214 qui
621 1159 796 1212 praefidio
813 1173 939 1200 arcem
953 1159 1139 1201 tenebant
1152 1158 1339 1201 obsessam
1350 1188 1362 1207 ,
1375 1164 1542 1205 cadauer
1558 1165 1658 1207 Daci
1674 1167 1831 1221 insignis
1848 1193 1860 1211 ,
1876 1169 1947 1223 qui

101 1219 142 1258 in
159 1217 456 1271 oppugnatione
472 1218 709 1257 moeniorum
726 1218 966 1257 occubuerat
980 1242 994 1261 ,
1008 1231 1143 1258 catena
1160 1220 1353 1263 vinctum,
1381 1221 1560 1277 trahique
1575 1222 1596 1262 e
1614 1226 1732 1265 muris
1747 1226 1948 1278 prodeun-

105 1276 137 1316 ti
152 1275 352 1328 alligatum
369 1299 381 1318 ,
396 1273 663 1315 obsidentibus
681 1276 989 1328 prouincialibus
1006 1272 1077 1315 suis
1091 1276 1128 1314 in
1142 1276 1356 1318 ludibrium
1374 1281 1412 1318 ὃς
1435 1281 1712 1321 contumeliam
1728 1283 1921 1325 ostentant
1934 1310 1946 1322 .

14 1348 18 1381 1
47 1337 130 1387 306
167 1333 267 1373 Daci
283 1343 426 1385 magno
443 1331 680 1373 detrimento
701 1333 740 1371 in
757 1334 1053 1386 oppugnatione
1069 1334 1170 1372 arcis
1183 1347 1351 1387 accepto
1363 1361 1376 1379 ,
1403 1337 1514 1376 veriti
1531 1350 1580 1377 ne
1598 1350 1724 1378 nouus
1739 1340 1850 1380 miles
1876 1340 1944 1380 in...

99 1388 308 1431 subfidium
325 1390 475 1430 veniret
488 1415 500 1432 ,
513 1389 757 1429 obsidionem
773 1389 922 1430 soluere
935 1417 946 1434 ,
960 1393 996 1430 &
1017 1391 1052 1429 in
1070 1388 1202 1443 fugam
1218 1389 1255 1430 se
1271 1405 1525 1438 conuertere,
1541 1406 1739 1449 coguntur
1752 1424 1763 1435 .

46 1460 130 1501 307
161 1448 352 1487 Traianus
367 1445 564 1499 Augustus
586 1446 635 1488 ad
652 1447 747 1487 duas
766 1448 929 1487 astantes
946 1448 1115 1488 militum
1130 1448 1306 1502 legiones
1323 1450 1552 1505 adloquitur
1578 1481 1588 1490 .
1628 1451 1844 1495 Collaudat
1857 1453 1948 1494 illo-

98 1519 185 1546 rum
202 1506 403 1547 virtutem,
416 1505 525 1558 quod
542 1503 689 1545 strenue
704 1506 743 1544 in
760 1504 991 1545 omnibusse
1003 1502 1197 1557 gesserint,
1212 1503 1491 1562 fortiffimeque
1504 1511 1947 1567 pugnauerintzproinde

101 1563 152 1603 ad
167 1561 342 1602 futurum
356 1561 451 1602 belli
467 1560 584 1602 finem
599 1560 765 1603 feliciter
777 1562 1005 1606 obeundum
1018 1560 1264 1617 summopere
1281 1565 1520 1606 exhortatur:
1535 1569 1692 1621 praemia
1706 1568 1785 1609 illis
1798 1570 1835 1608 &
1848 1557 1946 1624 prze-

98 1617 408 1660 sentia&futura
424 1620 654 1673 pollicetur.

42 1681 126 1733 308
160 1679 307 1731 Regios
324 1675 545 1721 thesauros,
560 1691 662 1731 quos
678 1676 905 1718 Decebalus
919 1675 1048 1718 subter
1059 1676 1158 1717 vada
1169 1677 1352 1731 Sargetiae
1367 1680 1490 1719 amnis
1502 1706 1514 1724 ,
1531 1679 1634 1722 haud
1651 1683 1786 1736 procul
1801 1681 1822 1723 Ξι
1838 1686 1946 1741 regia

97 1736 339 1778 occuluerat,
353 1735 540 1775 Traianus
558 1734 754 1789 Augustus
770 1737 921 1776 inuenit
934 1764 944 1774 .
972 1736 1151 1776 Fluuium
1168 1749 1338 1790 namque
1354 1737 1577 1779 Decebalus
1596 1741 1944 1795 Rex,captiuorum

97 1793 288 1834 duntaxat
298 1792 476 1833 manibus
490 1797 527 1832 ὅ(
542 1805 662 1846 opere
673 1818 685 1837 ,
697 1791 746 1831 de
761 1795 921 1847 proprio
937 1793 1046 1834 cursu
1061 1806 1255 1833 auerterat
1267 1820 1279 1838 ,
1295 1808 1414 1850 atque
1428 1793 1585 1836 suffoffis
1602 1797 1747 1839 deinde-
1758 1798 1890 1844 vadis',
1903 1802 1947 1842 'iu

98 1848 214 1905 specu
231 1863 410 1902 magnam
430 1850 508 1890 vim
524 1851 604 1890 auri
621 1850 874 1895 condiderat,
890 1850 1158 1903 preciosiffima
1171 1865 1352 1906 quaeque,
1368 1856 1405 1892 δι
1423 1865 1491 1892 eos
1508 1853 1683 1908 liquores
1699 1858 1767 1911 qui
1783 1854 1948 1898 assei-ua-

100 1911 132 1950 ri
147 1920 351 1962 poterant,
365 1907 505 1948 eodem
521 1919 738 1961 congerens
751 1936 761 1947 .
792 1908 948 1962 Qibus
961 1907 1148 1949 confec'tis
1161 1934 1172 1952 ,
1191 1922 1239 1948 ne
1258 1909 1447 1963 quispiam
1468 1924 1554 1966 quae
1571 1911 1734 1965 gestisset
1757 1915 1946 1971 proloqui

101 1964 228 2021 poss'er
243 1991 255 2009 ,
271 1978 408 2005 omnes
422 1990 433 2009 ,
448 1965 517 2019 qui
531 1964 622 2006 faeti
633 1962 772 2017 conscij
791 1978 923 2010 erant,
947 1967 1075 2006 occidi
1099 1966 1199 2006 iuffit
1214 1995 1223 2004 .
1264 1966 1321 2007 At
1334 1969 1480 2008 Biculis
1501 1971 1676 2023 captiuus
1690 1995 1702 2014 ,
1730 1973 1863 2012 cuites
1875 1986 1947 2013 co-

101 2025 210 2077 gnita
225 2035 307 2063 erat
319 2049 330 2067 ‚
348 2020 547 2065 thesauros
564 2022 753 2063 iudicauit
768 2051 777 2062 .
814 2024 1002 2064 Inuentos
1018 2036 1148 2064 autem
1165 2050 1178 2068 ,
1193 2023 1382 2080 equisque
1394 2025 1608 2079 asportatos
1624 2028 1660 2066 in
1679 2030 1795 2069 castra
1811 2054 1824 2074 ,
1857 2044 1944 2084 par..

102 2083 171 2122 tim
191 2080 379 2120 militibus
395 2079 609 2124 distribuit,
624 2082 765 2134 partim
779 2078 870 2121 fisco
886 2106 898 2125 ,
925 2084 963 2122 ἅτ
990 2083 1122 2122 aerario
1140 2084 1180 2122 Ρ.
1195 2083 1241 2122 R.
1259 2080 1464 2123 aiseruauit
1481 2113 1489 2120 .
1532 2085 1799 2125 Erantrautem
1820 2088 1860 2127 in
1879 2088 1940 2127 his

99 2139 289 2193 pleraque
305 2134 390 2178 vasa
405 2150 520 2178 aurea
533 2140 570 2178 δι
583 2140 950 2191 argentea,inge11tis
968 2142 1005 2179 δε
1022 2140 1231 2179 mediocris
1247 2141 1524 2193 magnitudinis
1536 2167 1547 2186 ‚
1559 2154 1720 2196 gemmae
1735 2145 1860 2187 omnis
1875 2156 1943 2198 ge-

18 2229 21 2234 .
101 2198 204 2237 neris
222 2222 233 2240 ,
251 2199 288 2237 &
303 2193 483 2249 praeciosa
499 2193 699 2249 suppellex
713 2221 725 2239 ,
745 2195 930 2237 corbibus
946 2196 1190 2236 ornatiffimis
1209 2210 1394 2238 contenta
1409 2227 1418 2236 .
1889 2203 1891 2205 ’

45 2267 66 2307 3
77 2268 129 2303 09
161 2253 388 2295 Decebalus
402 2253 507 2306 regia
522 2250 652 2293 amissa
670 2282 677 2295 ,
695 2255 912 2309 cunctaque
928 2252 1009 2294 fere
1023 2255 1062 2294 in
1080 2255 1307 2308 potestatem
1328 2256 1467 2309 Populi
1484 2257 1650 2297 Romani
1666 2258 1866 2311 prouincia
1880 2272 1942 2299 re-

95 2311 229 2355 dacta,
242 2309 445 2354 thesauris,
458 2323 561 2365 quos
576 2309 795 2354 abdiderat,
812 2313 954 2365 ereptis
971 2326 982 2354 ;
1000 2312 1232 2352 concionem
1247 2312 1269 2352 ὲ
1288 2311 1464 2366 suggesto
1480 2314 1527 2353 ad
1541 2313 1627 2353 suos
1646 2315 1786 2355 milites
1804 2315 1922 2357 habet
1933 2344 1944 2362 ,

95 2370 138 2409 in
153 2382 232 2423 qua
254 2366 450 2408 fortunam
465 2367 569 2408 suam
583 2369 699 2408 nimis
712 2367 912 2409 aduersam
930 2371 1188 2423 conqueritur
1200 2395 1213 2413 ,
1243 2370 1336 2409 nihil
1352 2384 1607 2411 aerumnarum
1620 2370 1694 2411 esse
1708 2373 1821 2427 quod
1834 2387 1941 2414 uon.›

95 2426 191 2467 forti
212 2427 342 2465 animo
360 2425 527 2466 tolerare
543 2425 762 2467 decreuerit
774 2451 786 2469 ,
803 2439 941 2479 praeter
954 2425 1176 2467 seruitutem
1193 2430 1231 2467 &
1256 2427 1528 2481 indignitatem
1545 2430 1657 2481 regiae
1674 2430 1856 2471 maiestati
1874 2432 1943 2473 in.›

96 2483 320 2524 ferendam5
338 2482 502 2535 proinde
520 2495 609 2523 cum
626 2482 674 2523 ab
686 2483 745 2523 his
761 2483 1047 2524 calamitatibus
1060 2481 1095 2523 se
1111 2497 1248 2525 eruere
1263 2498 1453 2538 nequeat,
1468 2496 1639 2525 mortem⁴
1652 2485 1718 2527 fibi
1733 2486 1943 2533 conscisce-

98 2554 141 2582 re
153 2541 347 2582 statuerit:
360 2552 479 2594 quam
495 2538 563 2592 ipfi
578 2539 727 2581 debent
738 2539 839 2581 ferre
851 2554 1049 2595 acceptam
1062 2567 1074 2586 ,
1086 2555 1171 2596 quae
1188 2555 1390 2582 momento
1403 2543 1591 2597 temporis
1605 2542 1653 2583 ab
1669 2544 1848 2585 vniuersis
1861 2547 1944 2586 exi-

98 2610 180 2639 mat
198 2598 308 2638 malis
322 2625 332 2635 .
364 2599 457 2638 Haec
473 2609 562 2637 cum
582 2598 703 2639 Dacis
719 2596 989 2652 proposuisset,
1005 2599 1181 2640 abnuunt
1196 2599 1336 2643 multi,
1351 2597 1659 2655 sententiamque
1672 2601 1792 2641 veluti
1804 2601 1942 2645 duram

99 2656 339 2699 detrectant,
352 2655 529 2694 nonnulli
541 2653 796 2710 acquiescunt>
808 2680 820 2700 ,
834 2654 952 2697 fidem
967 2655 1174 2699 obseruare
1187 2681 1204 2701 2.
1224 2655 1436 2713 secumque
1450 2670 1659 2701 commune
1671 2660 1887 2713 periculum
1904 2663 1944 2704 ὅτ.

102 2725 239 2754 necem
256 2710 448 2752 subituros
463 2711 699 2765 pollicentur
712 2742 723 2752 .
1684 2716 1688 2720 ’
1926 2743 1930 2746 -

46 2784 68 2823 3
79 2782 127 2811 10
161 2769 388 2812 Decebalus
401 2769 569 2810 maxima
584 2771 701 2810 animi
718 2770 892 2824 angustia
903 2769 1046 2825 pressus
1057 2797 1070 2815 ,
1087 2769 1298 2825 desperatis
1316 2773 1463 2812 cunetis
1476 2772 1592 2813 rebus
1607 2799 1618 2817 ³
1644 2787 1780 2815 manus
1793 2773 1861 2815 fibi
1880 2775 1941 2818 in-

100 2826 254 2872 ferens,
275 2828 451 2881 pugione
473 2826 522 2867 ad
535 2827 816 2880 pedusssadac‘to
829 2853 841 2872 ,
865 2827 902 2869 se
914 2829 1100 2868 interimit
1112 2856 1123 2866 .
1165 2829 1311 2882 Reguli
1329 2843 1407 2869 non
1421 2832 1535 2884 pauci
1549 2831 1652 2870 idem
1667 2833 1804 2872 mortis
1816 2831 1943 2886 genus

81 2884 266 2928 ,subeunt
277 2899 287 2927 ς
300 2885 393 2926 dum
406 2885 566 2939 quidam
583 2885 808 2927 vulneribus
820 2884 857 2925 se
868 2884 1103 2927 confodiunt
1114 2911 1126 2930 2
1138 2887 1300 2940 quidam
1309 2887 1407 2927 alios
1420 2900 1642 2942 prouocant
1654 2914 1666 2933 ,
1679 2889 1940 2946 precibusque

96 2941 289 2983 inducunt
300 2967 312 2986 ,
324 2942 374 2982 ad
388 2954 524 2982 necem
536 2940 633 2982 alter
644 2943 754 2983 alteri
769 2940 1012 2983 inferendam
1028 2972 1038 2982 .
1885 2948 1887 2951 ⁴

16 3033 17 3036 ,
41 3013 64 3052 3
75 3013 91 3041 1
105 3012 120 3040 1
158 3000 261 3043 Daci
276 3013 354 3040 non
369 3001 485 3055 pauci
499 3000 669 3042 Traiano
682 3000 861 3056 Augusto
873 2999 912 3041 se
927 3000 1078 3043 dedunt
1089 3000 1320 3057 ,ipsumque
1330 3001 1442 3043 neeis.
1453 3002 1648 3045 Decebali
1663 3005 1782 3059 Regis
1797 3003 1940 3045 certio-

94 3069 177 3098 rem
191 3054 341 3101 faciunt
351 3086 363 3098 .
1764 3073 1783 3084 '¹

20 3148 21 3151 ,
41 3129 64 3169 3
75 3128 90 3157 1
101 3128 121 3155 2
156 3114 365 3169 Equitatus
378 3116 574 3159 exercitus
584 3115 753 3157 Romani
765 3116 918 3170 equites
935 3116 1071 3156 Dacos
1086 3116 1290 3170 profligat,
1313 3117 1483 3159 Traiano
1492 3116 1671 3174 Augusto
1683 3120 1736 3159 ita
1750 3116 1938 3161 iubente3

98 3173 212 3227 quod
226 3173 437 3227 prouinciae
452 3172 674 3229 supererat,
688 3172 832 3220 vastat,
845 3173 980 3228 diripit
993 3199 1005 3218 ,
1022 3176 1062 3215 &
1076 3172 1242 3228 subigit;
1255 3175 1388 3219 multis
1398 3177 1440 3218 in
1449 3178 1717 3234 captiuitatem
1731 3188 1779 3216 ex
1790 3175 1942 3229 primo-

102 3229 212 3273 nbus
223 3230 388 3290 redactis
398 3257 413 3281 ‚
427 3245 566 3277 manus
582 3230 802 3293 eptundcm
811 3231 900 3275 loro
912 3231 998 3287 post
1008 3244 1118 3286 terga
1130 3233 1297 3276 reuincit
1309 3261 1321 3273 .
1878 3286 1886 3296 ⁶

1072 3301 1095 3330 e
1695 3293 1721 3319 ἃ
1799 3301 1841 3326 ue
1870 3301 1884 3328 ι
