2221 3512
65 152 141 192 172·
178 149 408 203 Profligatio
429 149 634 194 Dacorum
646 148 1094 207 exercitus,infignisque
1105 154 1266 200 victoria
1278 156 1538 211 parta‚paucis
1553 153 1719 202 hostiurn
1735 159 1757 207 ὲ
1772 161 1983 206 certamine

119 205 387 262 superstitibus
403 238 413 248 .

63 269 81 298 ¹
92 270 141 317 73
177 267 372 308 Traianus
395 266 595 323 Augustus
612 279 685 320 pro
716 263 896 320 suggesto
925 265 1082 311 suorum
1113 269 1286 311 militum
1311 272 1496 314 virtutem
1522 273 1657 316 laudat
1668 301 1681 320 ,
1709 274 1973 332 illorumque„

112 323 265 366 strenue
280 338 460 367 nauatam
477 337 640 380 operam
656 324 911 367 commendat
924 350 935 369 2
962 323 1183 381 gratiasque
1201 329 1305 381 agit,
1332 328 1444 383 quod
1456 330 1615 373 illorum
1632 346 1753 388 opera
1782 334 1971 378 infionem

111 380 231 425 fuerit
242 385 447 425 vietoriam
466 382 699 425 consecutus
713 398 721 420 :
735 383 981 436 congiarium
992 384 1071 427 illis
1085 385 1251 439 proinde
1265 388 1480 439 pollicetur
1491 414 1504 428 .
1854 367 1878 389 ο

25 474 27 478 ,
57 447 140 492 ⁸74
170 442 369 484 Primores
381 442 483 483 Daci
498 442 538 481 in
551 439 661 481 bello
674 440 778 494 capti
790 466 802 484 ,
812 438 914 484 iutra
925 441 1090 482 castrum
1103 442 1297 486 munitum
1309 470 1321 489 ‚
1335 443 1402 485 sub
1413 443 1491 487 fida
1504 446 1674 489 militum
1690 447 1863 489 custodia
1878 475 1889 493 ‚
1901 450 1971 493 in„-

110 500 356 556 triumphum
371 500 539 543 Romam
555 497 797 554 perducendi
812 523 824 542 ‚
849 495 1087 544 afferuantur
1104 528 1115 540 .
1151 499 1295 545 Fidelis
1311 514 1444 545 autem
1457 505 1639 548 custodiae
1655 505 1806 559 iignum
1820 530 1832 550 2
1848 507 1967 551 index

108 557 245 598 militis
257 558 480 612 praetoriani
493 559 642 599 erestus
660 584 670 594 .
1692 561 1694 563 ·

48 623 131 666 *175
167 616 288 657 Miles
308 615 472 670 quidam
486 616 526 657 in
538 613 823 657 commilitonis
834 614 1037 668 amplexus
1054 618 1092 660 &
1105 614 1236 656 oscula
1251 617 1352 662 ruit,
1369 618 1433 659 vel
1455 616 1566 674 quod
1583 632 1782 662 mortuum
1800 622 1840 663 in
1860 622 1968 664 acies»

107 673 335 718 crediderit,
356 671 681 727 superstitemque
693 670 887 725 insperato
902 686 1004 713 nunc
1016 674 1169 718 videat>
1183 673 1246 715 vel
1259 673 1370 728 quod
1385 689 1434 717 ex
1455 677 1683 729 captiuitate
1694 678 1846 724 hostili,
1861 678 1967 732 post-

103 730 260 773 liminio
276 729 396 774 fuerit
407 730 584 772 reuersus
599 756 611 775 a
624 728 687 772 vel
703 727 809 773 certe
821 729 933 784 quod
944 728 1066 775 fuerit
1077 731 1214 787 aliquo
1227 730 1367 789 insigni
1379 734 1540 788 praemio
1555 735 1609 776 ob
1623 748 1684 776 res
1700 735 1802 777 bene
1815 738 1854 777 in
1869 750 1966 777 con-

103 791 209 831 flictu
225 789 349 842 gestas
365 815 378 834 ,
394 801 463 832 aut
478 788 669 842 dignitate
681 785 703 829 a
719 784 870 829 Caesare
886 786 1056 831 donatus
1073 817 1085 828 .
1383 789 1387 792 ’

51 855 68 887 1
79 853 131 895 76
161 847 282 890 Miles
296 845 408 889 sacco
424 846 582 890 onustus
596 871 608 891 2
621 842 722 886 intra
737 858 857 900 quem
873 846 1118 901 congiarium
1129 844 1151 886 a
1163 847 1339 903 principe
1355 845 1533 903 suscepit,
1546 846 1789 891 frumentum
1803 848 1964 896 scilicet,

105 906 315 960 pecuniam
330 930 342 951 ‚
357 908 396 947 &
412 905 488 945 alia
504 902 728 946 huiusmodi
745 928 756 948 ‚
774 902 935 948 Caesaris
951 903 1187 950 liberalitate
1199 933 1210 945 .

43 971 69 1011 ¹1
79 972 130 1013 77
163 964 354 1007 Traianus
367 962 567 1017 Augustus
580 962 619 1002 1ss
636 960 816 1014 suggesto
831 959 984 1007 sedens,
996 962 1088 1007 loco
1102 961 1260 1009 editiori
1273 963 1517 1017 congiarium
1534 962 1724 1006 militibus
1742 966 1890 1009 viritim
1903 964 1964 1007 di·-

101 1020 257 1062 stribuit
271 1047 284 1067 2
301 1021 460 1077 singulis
478 1019 532 1060 ob
544 1017 780 1061 beneficium
793 1016 1011 1073 susoeptum
1024 1022 1060 1061 &
1076 1018 1383 1062 munificentiam
1395 1047 1407 1066 ,
1423 1021 1583 1063 Caesaris
1599 1035 1737 1063 manus
1754 1022 1966 1065 osculanti-

102 1078 178 1119 bus
195 1107 206 1119 .
239 1080 432 1136 Qamuis
445 1090 632 1133 magnum
646 1077 841 1121 honorem
855 1075 1025 1121 Caesares
1040 1077 1328 1137 impenderent,
1342 1078 1368 1120 fi
1387 1081 1616 1135 quempiam
1634 1080 1685 1123 ad
1700 1094 1838 1123 manus
1851 1078 1965 1121 oscu-

104 1136 297 1178 lationem
311 1137 566 1179 admitterent
583 1164 593 1173 .

49 1197 129 1242 178
164 1196 351 1237 Foerninae
376 1195 534 1235 Dacicae
547 1219 560 1239 ‚
588 1205 722 1233 manes
743 1191 900 1234 suorum
921 1192 1150 1238 maritorum
1164 1220 1177 1243 ,
1193 1197 1231 1241 &
1247 1205 1430 1238 natorum
1443 1219 1456 1239 >
1484 1196 1608 1250 quiin
1623 1194 1763 1249 praelijs
1777 1193 1965 1240 aduersus

102 1254 307 1296 Romanos
324 1251 592 1294 occubuerant
606 1276 619 1295 ‚
634 1250 805 1293 vindista
817 1249 972 1304 placare
985 1251 1165 1295 volentes
1176 1277 1189 1296 ‚
1205 1252 1389 1306 captiuos
1405 1250 1549 1293 milites
1567 1253 1766 1293 Romanos
1779 1278 1790 1297 ,
1815 1253 1964 1293 etiarm

101 1312 282 1353 viuentes
295 1337 306 1355 ³
322 1308 474 1354 facibus
486 1306 678 1350 saeuiffime
695 1319 864 1350 exurunt
877 1334 889 1353 ,
904 1308 1084 1353 manibus
1099 1309 1189 1350 loro
1202 1309 1286 1364 post
1303 1321 1412 1364 terga
1431 1310 1614 1350 reuinetis
1626 1335 1638 1353 ,
1655 1323 1758 1364 quos
1772 1335 1785 1354 2
1809 1308 1924 1351 facile
1938 1307 1963 1351 ὲ

102 1370 280 1424 principe
297 1368 370 1409 suae
387 1369 514 1421 gentis
528 1392 540 1411 ³
555 1379 598 1408 vt
610 1367 650 1406 in
665 1379 734 1409 eos
750 1379 984 1419 conceptam
1000 1365 1149 1409 rabiem
1165 1379 1393 1412 exercerent
1404 1391 1416 1409 ,
1432 1367 1695 1420 impetrarunt
1709 1395 1720 1405 .

49 1435 66 1467 1
76 1437 128 1477 79
167 1427 382 1471 Germani,
397 1438 464 1466 aut
474 1425 664 1475 Pannonij
676 1449 690 1469 2
705 1423 768 1465 vel
782 1422 891 1464 certe
906 1436 1002 1478 gens
1016 1424 1148 1478 aliqua
1161 1423 1327 1468 finitima
1341 1450 1354 1469 2
1369 1424 1609 1480 Populoque
1630 1425 1813 1465 Romano
1828 1423 1964 1464 foede-

101 1496 184 1527 rata
198 1510 210 1529 ‚
225 1485 288 1526 vel
306 1483 439 1524 denuo
454 1484 494 1523 in
510 1482 720 1523 amicitiam
732 1485 770 1523 δι
783 1482 945 1535 gratiam
962 1494 1120 1536 recepta
1131 1507 1144 1526 2
1159 1494 1424 1527 commeatum
1439 1482 1628 1527 exercitui
1642 1483 1824 1526 Traiani,
1841 1493 1962 1536 quern

100 1541 297 1596 supplices
310 1553 538 1582 tenerentur
550 1565 562 1584 >
587 1539 781 1594 polliciti,
804 1539 959 1583 onustas
979 1537 1182 1583 frumento
1197 1553 1317 1581 naues
1330 1552 1403 1594 per
1423 1539 1561 1583 Istrum
1574 1539 1726 1583 ducunt
1738 1565 1750 1585 ,
1774 1538 1798 1584 a
1813 1538 1963 1595 quibus

102 1600 249 1641 milites
265 1611 486 1653 acceptum,
500 1599 540 1638 in
553 1598 671 1637 castra
687 1608 938 1651 comportant
950 1625 960 1636 .
1335 1596 1340 1599 ⁴

49 1671 67 1701 1
78 1659 128 1699 80
162 1655 292 1699 Caesar
307 1658 498 1698 Traianus
511 1681 524 1700 2
549 1668 590 1697 re
604 1652 856 1696 frumentaria
874 1652 999 1709 probe
1012 1666 1145 1695 curata
1159 1680 1172 1698 2
1197 1653 1412 1696 exercitum
1428 1654 1571 1697 iterum
1587 1654 1721 1697 educit
1737 1666 1784 1695 ex
1801 1653 1930 1696 castris
1944 1677 1959 1699 ,

101 1727 274 1771 pugnam
290 1728 379 1755 curn
394 1714 502 1754 hoste
516 1712 649 1754 denuo
661 1713 826 1754 initurus
841 1736 854 1757 ,
871 1712 940 1767 qui
953 1712 1155 1766 praeteritis
1179 1712 1333 1754 iaeturis
1349 1711 1456 1757 haud
1470 1711 1613 1757 stactus
1625 1738 1638 1759 ,
1664 1725 1810 1754 cornua
1825 1710 1960 1766 super-

101 1774 176 1815 bus
190 1777 230 1815 &
244 1771 414 1813 insolens
431 1770 610 1824 erigebat
623 1799 633 1809 .

51 1842 68 1873 x
78 1832 99 1872 8
111 1846 124 1871 1
161 1833 267 1872 Inter
282 1830 387 1884 signa
398 1828 537 1884 aquilae
550 1830 590 1869 &
603 1826 845 1872 concordiae,
856 1826 988 1870 arietis
1001 1825 1275 1868 simulachrum
1292 1827 1514 1882 praecedens
1530 1824 1553 1869 ὰ
1570 1825 1754 1882 [ignifero
1770 1826 1954 1881 gestatur,

101 1887 284 1932 rariffime
300 1889 339 1928 in
356 1888 529 1929 exercitu
543 1887 723 1928 Romano
740 1884 877 1939 gestari
891 1884 1049 1929 solitum
1064 1912 1074 1924 .
1101 1884 1286 1929 Ιηάἰέὶιιτί
1300 1886 1405 1926 enim
1422 1886 1590 1930 Romani
1605 1887 1775 1939 cuipiam
1791 1884 1957 1930 bellum,

97 1948 259 1988 arietem
276 1960 345 2000 pet
358 1944 556 1988 foecialem
572 1942 858 1998 praemittebant
871 1968 884 1988 ‚
913 1955 1034 1997 quem
1048 1942 1088 1985 in
1104 1941 1272 1983 hostium
1285 1941 1383 1985 fines
1404 1943 1655 1986 immitterem
1671 1943 1733 1984 vel
1749 1942 1952 1985 honestam

98 2006 156 2047 ita
169 2003 319 2046 causam
332 2002 435 2044 suam
449 2000 648 2047 ostensuri,
659 2000 771 2057 quod
786 2000 934 2042 nonnifi
946 2000 1153 2056 prouocati
1168 2001 1206 2040 &
1217 1999 1376 2044 laceffiti
1390 1999 1541 2043 bellum
1553 2012 1690 2055 gerere
1702 2011 1956 2054 cogerentur,

101 2065 141 2104 &
153 2062 315 2103 vltionis
329 2060 648 2116 procurationem
662 2071 740 2098 non
756 2057 779 2098 a
793 2057 831 2099 se
847 2084 861 2103 ,
884 2070 926 2100 vt
937 2070 1032 2112 pote
1044 2058 1114 2113 qui
1129 2069 1177 2097 ex
1193 2055 1393 2101 mansueto
1406 2059 1631 2103 &innocuo
1647 2056 1769 2103 essent
1784 2068 1951 2110 genere,

99 2120 319 2176 procreati,
336 2116 542 2173 proficisci>
555 2116 621 2158 sed
631 2116 680 2157 ab
697 2116 863 2156 hostium
879 2114 1132 2170 improbitate
1143 2115 1472 2170 atqueiniustitia‚
1484 2116 1658 2156 indicare
1671 2141 1683 2160 ,
1694 2115 1955 2168 testatumque

95 2175 229 2220 facere
247 2177 416 2221 vellent;
432 2175 494 2217 vel
507 2200 518 2219 ‚
533 2174 645 2230 quod
659 2173 721 2224 alij
739 2173 912 2218 malunt,
925 2185 968 2215 vt
980 2172 1159 2214 hostilem
1176 2184 1330 2227 agrum,
1351 2170 1423 2214 suae
1440 2173 1515 2217 iam
1532 2173 1668 2226 praedae
1682 2170 1952 2227 expositum),

96 2235 338 2277 indicarent:
358 2234 470 2290 quod
487 2235 524 2274 &
539 2233 689 2273 Pierius
704 2231 773 2271 lib.
785 2230 1189 2284 Hicroglyphicorum
1208 2243 1270 2270 10.
1284 2229 1441 2273 testatur
1453 2258 1463 2268 .
1488 2231 1667 2284 Vtraque
1683 2242 1814 2273 autem
1831 2227 1952 2273 ratio-

97 2307 148 2333 ne
159 2293 348 2334 Traianus
359 2318 371 2337 2
392 2295 429 2332 δι
445 2289 556 2348 quod
582 2301 822 2345 prouocatus
840 2288 988 2329 bellum
1003 2287 1188 2341 gerebat,
1212 2289 1320 2328 &ira
1335 2289 1505 2343 percitus
1522 2287 1702 2330 hostilem
1717 2297 1856 2339 agrurn
1871 2285 1952 2324 Ro-

99 2351 224 2391 manis
241 2349 429 2393 militibus
446 2351 484 2389 in
500 2347 668 2402 praedam
681 2345 926 2400 exposuerat,
941 2342 1210 2400 appositissime
1222 2343 1318 2386 fecit
1331 2345 1460 2388 arietis
1476 2345 1626 2401 lignum
1640 2346 1682 2385 in
1696 2345 1780 2385 acie
1794 2338 1950 2398 praeser-

100 2409 131 2450 ri
145 2423 155 2452 3
173 2422 221 2448 eo
238 2407 542 2460 hieroglyphico
555 2402 664 2447 suum
681 2401 866 2446 aduersus
883 2403 1012 2444 hostes
1027 2403 1200 2444 animum
1213 2402 1372 2444 testatus
1386 2430 1396 2441 .

44 2468 121 2507 182
156 2468 261 2506 Pons
288 2464 440 2518 ligneus
454 2490 466 2509 ,
495 2463 647 2516 magnis
670 2460 822 2516 cymbis
848 2458 1025 2505 suffultus
1038 2485 1052 2505 2
1077 2459 1193 2500 militi
1216 2473 1286 2515 per
1301 2459 1436 2505 Istrum
1451 2485 1464 2506 2
1490 2459 1554 2503 vel
1570 2457 1770 2504 Tibiscum
1788 2468 1944 2498 amnem

99 2522 331 2573 traijciendo
344 2550 354 2560 .

46 2595 63 2622 ι
73 2583 121 2633 83
159 2582 418 2622 Commeatus
431 2603 443 2622 ,
458 2578 537 2632 pila
547 2602 560 2622 2
573 2575 699 2621 scuta,
715 2577 848 2631 galeae,
859 2579 896 2619 &
913 2587 1151 2617 armamenta
1164 2575 1237 2618 alia
1250 2600 1261 2620 ‚
1275 2587 1366 2618 cum
1378 2575 1540 2631 reliquis
1557 2572 1849 2629 impedimentis
1859 2572 1947 2614 bel-

100 2638 186 2678 licis
200 2664 212 2683 ,
225 2637 402 2678 curribus
419 2639 528 2677 vecta
542 2660 554 2680 2
569 2638 607 2675 &
621 2634 669 2674 ab
682 2635 794 2689 equis
808 2636 846 2674 &
861 2634 990 2674 bobus
1007 2635 1089 2674 aeta
1099 2658 1111 2677 2
1122 2633 1337 2675 exercitum
1352 2633 1664 2687 proficiscentem
1679 2631 1895 2687 sequuntur
1907 2660 1918 2671 .

45 2710 63 2738 1
74 2699 126 2748 84
156 2695 291 2737 Castra
307 2695 356 2736 ab
369 2693 544 2736 hostibus
557 2691 756 2746 superatis>
772 2692 859 2733 &in
875 2690 1008 2745 fugam
1027 2689 1156 2734 versis,
1172 2689 1324 2733 deserta
1336 2716 1349 2735 ,
1360 2692 1552 2732 Traianus
1566 2701 1750 2744 occupat,
1761 2701 1850 2731 cum
1866 2701 1949 2731 ma-

99 2754 224 2794 chinis
238 2753 415 2808 aliquot,
442 2764 541 2805 quas
563 2751 666 2791 Daci
682 2762 914 2805 parauerant
930 2765 938 2787 :
953 2750 1205 2802 militumque
1219 2747 1319 2791 inibi
1331 2747 1506 2803 praefidio
1521 2748 1655 2789 relicto
1669 2773 1682 2792 ‚
1708 2744 1819 2801 quod
1833 2745 1947 2790 locus

99 2810 196 2852 esset
207 2823 342 2854 natura
358 2811 532 2851 munitus
543 2834 555 2853 ‚
585 2821 635 2850 ne
648 2807 697 2848 ab
712 2807 821 2849 hoste
834 2806 1063 2848 desertionis
1080 2806 1302 2859 poenitente
1316 2807 1458 2849 iterum
1473 2818 1733 2861 occuparetur
1747 2829 1760 2849 2
1784 2801 1946 2847 vlteriiis

99 2868 435 2925 progrediendum
451 2879 578 2911 ratus,
593 2878 683 2906 cum
699 2865 871 2905 exercitu
889 2861 1165 2918 proficiscitur.

23 2947 26 2951 ’
45 2929 121 2976 185
156 2927 222 2968 De
238 2939 368 2981 pugna
384 2926 516 2965 denuo
531 2938 620 2965 curn
637 2922 812 2964 hostibus
828 2920 1067 2963 conserenda
1078 2947 1090 2966 ‚
1111 2923 1150 2961 &
1179 2920 1309 2962 castris
1334 2920 1459 2975 probe
1475 2921 1698 2963 muniendis
1715 2945 1729 2966 ‚
1757 2920 1948 2961 Traianus

94 2984 294 3040 Augustus
308 2997 398 3025 cum
411 2982 648 3040 primoribus
664 2981 856 3021 exercitus
872 2978 1040 3021 ducibus
1054 2977 1249 3020 deliberat
1262 3007 1273 3018 .
1302 2982 1393 3035 Qa
1402 2980 1453 3021 de
1468 2993 1510 3020 re
1524 2980 1682 3025 milites,
1696 2977 1947 3034 praesentibus

94 3041 211 3096 fignis
225 3068 237 3088 ‚
252 3044 291 3084 in
310 3043 504 3084 concione
517 3039 748 3094 adloquitur
763 3067 774 3076 .

42 3111 58 3138 1
69 3100 122 3140 86
156 3100 346 3141 Traianus
360 3098 558 3153 Augustus
573 3098 746 3151 Legatos
762 3096 966 3137 Dacorum
979 3096 1019 3135 in
1035 3094 1283 3149 colloquium
1297 3094 1490 3140 admittit;
1503 3093 1569 3137 sed
1585 3095 1753 3144 inducijs
1769 3105 1866 3147 quas
1880 3103 1948 3132 va-

92 3155 152 3199 fre
169 3157 415 3212 postulabant
430 3170 510 3198 non
523 3155 756 3211 impetratis,
770 3154 841 3209 qui
854 3166 1009 3208 tempus
1026 3151 1159 3207 potius
1175 3153 1367 3193 redimere
1380 3156 1419 3194 δι
1435 3155 1668 3210 intercipere
1684 3149 1823 3193 Caesari
1839 3162 1951 3189 cura-

95 3215 216 3262 bant,
227 3217 340 3267 vacui
351 3215 567 3275 abscedunt
581 3242 593 3275 1
626 3213 786 3266 Interim
803 3212 947 3256 milites
963 3225 1044 3255 non
1059 3209 1178 3253 ociofi
1194 3237 1207 3259 2
1219 3211 1283 3265 alij
1296 3212 1403 3267 ligna
1416 3212 1572 3256 caedunt
1583 3239 1595 3259 2
1612 3210 1794 3253 diuidunt
1808 3209 1876 3306 ,ἷξε
1889 3219 1954 3247 ca-

1862 3277 1894 3305 28
