2221 3512
418 175 534 239 DE
579 172 784 238 COL·
819 172 1226 241 TRAIANI
1270 178 1468 244 CAP·
1500 184 1578 247 ΙΙ·
1791 200 1875 280 39¹

53 299 86 353 Α
116 294 214 349 {ruffi
227 297 282 345 V.
298 295 368 347 CI.
384 295 621 345 Franciscus
639 296 913 345 Gottifredus
931 298 1111 362 agnouit
1123 328 1138 353 ,
1167 306 1211 346 ὃ(
1240 315 1320 364 pro
1335 301 1409 348 tali
1425 302 1471 349 in
1486 303 1634 352 Indice
1650 306 1856 358 Francisti
1873 315 1958 362 Ca?

122 369 228 419 meli
241 366 467 416 adnotatus
483 367 564 421 est3
579 363 649 412 sed
663 367 839 414 Patinus
852 384 948 432 pag.
966 369 1077 416 206.
1095 367 1147 414 ad
1161 369 1325 418 cultum
1340 372 1559 435 quendam
1573 374 1797 426 insolitum
1809 383 1956 446 capitis

119 439 288 492 retulit,
302 450 430 503 prout
444 435 598 483 fecerat
622 437 901 500 Angelonius
915 467 930 491 ,
947 439 1023 501 qui
1049 440 1166 502 prior
1179 455 1418 489 nummum
1433 444 1680 508 vulgauerat
1692 480 1708 504 ‚
1724 450 1834 498 inter
1847 452 1954 499 alios

121 508 329 558 Hadriani
341 523 462 554 num.
479 506 559 567 67.
576 523 588 552 τ
603 504 742 552 nostra
756 505 860 555 vero
875 506 992 555 Iuliae
1007 505 1165 574 effigies
1178 508 1355 557 indubie
1367 511 1556 561 lauream
1567 544 1581 570 ,
1595 517 1679 564 viri
1692 533 1864 567 coronae
1876 537 1950 587 pa.

124 596 213 628 rem
227 608 242 632 ,
258 578 303 623 in
321 591 520 624 ornatum
534 574 766 639 afl'umpfit.
1941 583 1952 589 ⁴

139 653 141 655 ’
185 651 348 709 Neque
372 645 461 692 haec
476 644 714 691 distributio
730 663 777 692 ea
792 646 869 692 crit
883 675 898 699 ,
912 662 1047 710 quam
1061 645 1282 694 Columna
1298 648 1486 699 ostendit
1499 670 1513 710 3
1528 652 1628 701 cum
1641 671 1733 703 non
1748 659 1949 708 vniuerso

46 739 75 769 3
114 717 311 765 exercitui
331 716 525 763 militaris
540 731 713 760 annona
732 745 747 770 ,
773 713 845 761 sed
858 716 1030 781 paucis,
1059 722 1100 763 δι
1115 714 1404 766 seleetioribus
1425 722 1683 786 quibusdam
1699 727 1908 775 militibus
1922 729 1949 776 ὲ

116 787 291 853 publico
307 784 578 832 frumentum
593 784 852 848 assignatum
866 800 1064 849 appareat
1079 803 1091 831 ε
1107 787 1316 834 nouitatis
1332 803 1519 838 attamen
1536 793 1668 858 gratiz‘i
1685 825 1700 849 ,
1715 803 1760 843 &
1773 810 1820 844 vt
1831 795 1949 846 dosti

108 857 167 905 de
191 855 239 903 ea
254 854 489 919 dijudicent
504 885 517 907 ,
545 852 736 919 tabulam
753 871 970 920 apponere
997 854 1136 904 visum
1151 855 1230 905 fuit
1244 890 1256 901 .
1287 862 1432 907 Notas
1460 862 1554 908 illas
1570 863 1835 913 obscuriores
1847 867 1948 932 post

113 942 276 974 nomen
294 958 308 981 ,
332 924 492 972 tribum
508 955 522 978 ‚
552 925 788 987 patriamne
812 924 998 971 cuiusuis
1013 925 1162 974 militis
1178 958 1193 978 ,
1223 944 1316 993 quae
1330 930 1457 994 plana
1471 929 1568 979 sunt
1583 963 1597 986 ‚
1629 935 1687 980 ita
1700 949 1916 985 tentamus
1931 969 1947 994 ‚

112 996 237 1045 Miles
257 995 406 1043 fastus
420 992 580 1043 Pdete
596 993 797 1041 Kalendas·
810 997 957 1060 IVNl‘j
976 997 1225 1044 MAGNO
1256 999 1446 1063 PRaef‘A'
1461 1005 1719 1050 Frumentum
1734 1004 1946 1055 publicum

107 1071 276 1130 Accepit
297 1069 381 1112 Die
397 1070 452 1112 X.
471 1065 616 1112 Titulo
646 1063 773 1126 (ostij
789 1062 945 1111 scilicet
960 1094 974 1119 ‚
1001 1078 1050 1111 vt
1066 1068 1250 1130 geminae
1263 1069 1416 1116 nostrae
1440 1068 1738 1135 inscriptiones
1752 1072 1947 1138 docent)

38 1151 68 1188 c
104 1139 240 1183 CXI..
271 1134 416 1198 insistas
433 1132 552 1182 Vrbis
569 1130 911 1200 Karthaginiensis
929 1131 1130 1184 Condito:
1145 1152 1191 1184 vt
1209 1135 1315 1183 Afer
1328 1138 1399 1184 iste
1414 1143 1648 1205 Imperator
1660 1173 1674 1196 ,
1694 1142 1716 1188 ὲ
1734 1141 1817 1191 suae
1832 1149 1941 1194 Pro-

104 1207 253 1253 uinciae
268 1202 538 1268 ampliffimae
555 1211 596 1250 &
613 1201 876 1251 fcraciffimae
898 1203 1083 1252 conditis
1099 1233 1112 1258 ,
1141 1206 1435 1257 liberalitatem
1449 1211 1496 1256 in
1511 1211 1668 1259 milites
1683 1211 1810 1261 hosce
1824 1219 1944 1265 exer.'

103 1275 227 1323 cuiss'e
243 1272 484 1321 ostendatur
497 1304 513 1315 ·
691 1319 693 1321 .
1937 1276 1942 1284 ⁴

170 1344 410 1391 Plurimam
424 1344 548 1408 gigni
560 1341 860 1390 confusionem
874 1373 888 1397 ‚
917 1350 958 1390 &
976 1345 1170 1407 ineptam
1196 1348 1589 1413 interpretationem
1613 1352 1766 1400 deduci
1782 1353 1908 1401 video
1922 1389 1939 1415 ,

98 1411 202 1461 dum
218 1414 345 1479 plane
361 1411 532 1459 diuersae
548 1415 736 1460 astiones
752 1446 768 1465 ‚
784 1416 851 1459 vel
865 1430 946 1477 pro
959 1412 1110 1461 eadem
1125 1445 1140 1468 ,
1158 1415 1225 1464 vel
1239 1433 1320 1482 pro
1332 1418 1444 1466 inter
1462 1417 1503 1465 se
1519 1419 1760 1472 succeffiuis
1776 1422 1940 1491 habens

97 1497 190 1534 tur.
221 1487 278 1530 Et
290 1487 488 1548 quamuis
503 1480 682 1546 scalptor
699 1481 889 1546 pluribus
904 1484 950 1529 in
967 1487 1069 1530 locis
1090 1486 1594 1553 prouiderit,interpofita‘i
1611 1491 1762 1540 arbore
1786 1493 1941 1544 asum.

28 1568 60 1603 ο
100 1570 177 1601 mo
192 1552 244 1600 ad
269 1554 408 1600 imum
426 1551 551 1616 ipsius
582 1550 698 1615 spirae
715 1569 730 1607 ς
757 1551 841 1597 hoc
865 1565 1012 1600 tamen
1038 1553 1322 1604 diffinitionis
1348 1558 1472 1623 ligno
1497 1577 1589 1607 non
1604 1562 1908 1612 animaduerso
1921 1596 1938 1623 ‚

92 1621 362 1688 Expofitores
377 1622 456 1670 suae
470 1621 652 1670 historiae
669 1619 794 1669 filum
810 1657 822 1678 ,
841 1626 1127 1688 quantumuis
1141 1627 1432 1692 interruptum
1443 1659 1456 1684 ,
1472 1635 1738 1680 connectunt
1750 1666 1761 1677 .
1790 1636 1935 1683 Huius

90 1693 260 1758 generis
287 1692 430 1757 aliqua
451 1690 669 1739 adnotabo
683 1722 699 1746 ‚
725 1704 774 1738 vt
804 1691 1098 1758 vnusquisque
1114 1694 1294 1743 eandem
1325 1694 1675 1750 admonitionem
1690 1732 1705 1757 ,
1718 1702 1793 1752 vbi
1821 1722 1934 1773 opus

92 1760 221 1811 fuerit
235 1792 249 1817 ‚
277 1763 460 1828 applicet
471 1794 484 1806 .
1348 1805 1350 1807 .

161 1834 217 1879 Et
232 1835 376 1896 primo
392 1861 407 1886 ,
435 1834 482 1879 in
497 1831 822 1896 oppugnatione
836 1858 850 1885 ‚
866 1848 1002 1897 quam
1016 1833 1129 1881 Daci
1148 1834 1348 1883 aduersus
1366 1836 1576 1903 oppidum
1592 1839 1615 1887 a
1632 1843 1845 1892 Romanis
1860 1863 1931 1893 oc-

91 1916 295 1967 cupatum
309 1904 525 1953 intentant
545 1917 667 1948 num.
691 1901 798 1959 148.
812 1931 827 1956 ‚
854 1918 1013 1950 nauem
1028 1901 1248 1952 frumento
1262 1906 1460 1956 onustam
1477 1925 1599 1962 num.
1629 1927 1734 1968 151.
1747 1913 1931 1963 subfidjo

22 1978 50 2016 t
93 1970 268 2019 obseffis
281 1968 436 2020 venisse
450 1969 650 2036 fingitur:
678 1968 780 2018 cum
796 1971 819 2018 ὲ
835 1972 1070 2027 conuerso,
1086 1972 1138 2020 ab
1152 1974 1226 2021 illal
1245 1978 1403 2039 Populi
1420 1980 1614 2027 Romani
1636 1983 1826 2032 Colonia*
1844 1991 1863 2048 (
1879 2000 1930 2035 vt

86 2058 138 2088 ex
155 2040 357 2087 adiunCto
373 2040 691 2106 amphitheatro
705 2039 922 2106 colligitur
935 2071 950 2096 ,
967 2048 1011 2091 &
1028 2042 1158 2104 ijdem
1170 2044 1445 2110 Expositores
1459 2048 1557 2094 alibi
1571 2049 1654 2097 hoc
1666 2068 1927 2118 argumento

84 2111 343 2170 conijciunt,
358 2110 440 2156 hoc
453 2110 511 2157 est
524 2122 645 2157 num.
665 2126 727 2174 24
735 2112 800 2170 2.)
812 2109 865 2157 ad
877 2111 995 2158 aliud
1008 2113 1238 2178 Oppidum
1252 2132 1374 2163 num.
1392 2134 1410 2166 1
1427 2132 1443 2174 ς
1455 2119 1497 2168 3.
1510 2135 1776 2171 commeatus
1790 2124 1925 2173 dedu-

84 2194 224 2227 catur:
241 2181 300 2226 ibi
316 2184 434 2228 enim
445 2179 497 2227 ad
510 2197 668 2227 nauem
682 2195 975 2246 comportant,
985 2196 1115 2247 prout
1130 2183 1199 2232 hic
1213 2185 1234 2231 ὲ
1249 2187 1352 2232 naui
1365 2183 1569 2235 efferunt:
1586 2188 1661 2237 nisi
1676 2191 1923 2244 aduersandi

83 2248 238 2304 studio,
256 2252 385 2297 etiam
413 2248 589 2297 aduerso
604 2250 784 2314 nauigio
797 2282 810 2304 ,
828 2249 1014 2299 obuersis
1029 2253 1264 2319 remigibus
1280 2285 1293 2308 ‚
1324 2264 1366 2302 δε
1381 2258 1675 2321 gubernaculis
1689 2279 1766 2325 pro
1779 2265 1922 2313 rostris

84 2316 135 2365 ad
152 2318 401 2367 findendum
418 2337 595 2367 amnem
609 2316 707 2368 vsos
724 2318 859 2374 fuisse,
873 2324 1112 2369 etiamnum
1135 2322 1352 2372 asseratur:
1370 2334 1413 2373 &
1429 2328 1665 2377 Traianum
1681 2332 1892 2382 inermem
1904 2366 1920 2390 ‚

15 2394 44 2426 F:
81 2388 180 2435 alibi
199 2404 516 2454 properantem,
527 2393 660 2436 not‘qu
671 2389 851 2454 quidem
865 2389 936 2438 sed
951 2408 1052 2439 cum
1066 2391 1285 2441 funalibus
1304 2398 1388 2457 (ita
1401 2400 1609 2446 nimirum
1621 2400 1781 2465 globos
1792 2403 1890 2451 illos
1903 2435 1918 2461 ‚

81 2457 152 2504 seu
174 2457 348 2525 clypeos
363 2459 491 2506 ouatz‘i
508 2459 644 2523 specie
670 2461 715 2506 in
742 2458 963 2526 {ignorum
977 2461 1166 2527 apicibus
1181 2490 1196 2517 ,
1221 2470 1544 2528 peruerterunt)
1570 2484 1620 2518 vt
1632 2487 1765 2520 nemo
1789 2491 1917 2524 non...

78 2526 217 2574 videat
239 2557 254 2579 ,
281 2526 490 2593 suppetias
521 2527 697 2577 obsessis
732 2529 838 2577 ferre
854 2564 864 2575 .
906 2534 989 2578 Cui
1020 2540 1062 2580 &
1088 2533 1196 2580 illud
1222 2532 1468 2600 adiungitur
1492 2568 1507 2593 ‚
1537 2539 1773 2589 Traianum
1800 2543 1913 2591 adeo

75 2595 312 2660 remigibus
340 2596 586 2644 destitutum
610 2596 731 2645 fuiss‘e
743 2630 756 2652 ,
784 2613 831 2647 vt
860 2609 903 2648 &
921 2605 1069 2648 Dacos
1096 2604 1291 2668 captiuos
1316 2604 1367 2650 ad
1380 2624 1549 2654 remum
1562 2609 1772 2674 adigeret3
1789 2613 1912 2677 quod

73 2673 117 2712 &
137 2665 165 2713 si
177 2665 349 2713 sactum
362 2667 464 2713 alias
480 2666 503 2713 ὲ
518 2670 735 2715 Romanis
750 2670 948 2717 Ducibus
964 2672 1117 2737 legitur
1131 2703 1144 2726 ,
1169 2674 1226 2719 ita
1243 2675 1357 2721 enim
1381 2676 1594 2742 signanter
1618 2681 1763 2745 Scipio
1785 2682 1908 2748 capta‘i

72 2735 333 2800 Carthagine
348 2736 465 2783 nou&
476 2767 491 2792 ,
513 2756 563 2784 ex
576 2734 832 2806 robusttffimiss
842 2747 943 2787 inter
965 2745 1137 2803 captiuos
1153 2749 1308 2809 remiges
1312 2744 1520 2812 suppleuit
1532 2779 1547 2803 ‚
1573 2761 1622 2796 vt
1632 2749 1757 2798 tradit
1771 2755 1925 2820 Poly-⁴

2 2813 51 2848 o·
69 2803 165 2851 bius
178 2804 251 2851 lib.
269 2812 325 2853 X.
338 2824 458 2853 num.
473 2811 612 2856 XVII.
630 2825 643 2861 ;
659 2823 800 2872 neque
814 2822 961 2856 tamen
973 2810 1043 2858 hic
1058 2809 1261 2875 probatur
1275 2817 1438 2863 occafio
1448 2832 1553 2871 ‚nec
1570 2819 1654 2866 vlla
1667 2818 1907 2872 diuersitate

68 2874 242 2924 vestitus
257 2876 368 2922 inter
382 2878 561 2941 remiges
580 2875 694 2942 ipsos
709 2907 724 2930 ,
749 2878 844 2924 talis
857 2877 1073 2928 diuinatio
1085 2879 1226 2928 fulciri
1243 2884 1382 2947 potest
1394 2916 1410 2940 ,
1436 2887 1539 2950 quia
1551 2905 1703 2937 omnes
1720 2891 1904 2944 eodem„

68 2948 191 3005 pasto
204 2944 344 2991 induti
359 2960 617 3000 cernuntur3
650 2959 696 2992 vt
718 2947 817 2994 hinc
829 2948 952 2996 liceat
965 2967 1117 2997 eorum
1132 2950 1328 3000 habitum
1344 2953 1551 3018 praefinire
1564 2989 1580 3014 ‚
1599 2961 1788 3008 tunicula
1804 2980 1903 3027 quae

65 3010 233 3062 brachia
246 3030 385 3062 exerta
398 3018 612 3080 relinquat
625 3019 644 3077 (
659 3015 835 3063 colobio
847 3016 918 3064 seu
948 3019 1149 3068 exomide
1163 3023 1353 3088 antiquis
1365 3023 1499 3079 dina,
1527 3043 1575 3074 vr
1590 3029 1744 3093 probat
1760 3034 1897 3078 Perra-

67 3081 150 3126 rius
163 3082 214 3129 de
245 3090 308 3130 Re
334 3086 446 3134 Vest.
474 3085 548 3132 lib.
575 3088 648 3132 ΠΙ-
666 3101 755 3149 cap·
774 3091 929 3149 VIII.)
951 3105 998 3135 ac
1023 3087 1172 3155 sagulo
1189 3121 1201 3146 ‚
1228 3093 1272 3138 in
1293 3094 1461 3143 nodum
1487 3095 1609 3163 super
1638 3099 1894 3148 humerum..

62 3163 292 3218 gtrumque
307 3155 485 3221 religato
501 3186 516 3209 ‚
532 3154 799 3222 constantem
814 3188 826 3202 .

1676 3233 1827 3301 Sictjue
