2221 3512
276 190 334 223 tes
351 207 363 226 ,
380 192 423 221 vt
437 179 565 225 nullus
584 191 693 218 error
708 176 884 218 existeret
896 203 906 220 ‚
920 173 1007 216 clim
1020 172 1173 214 centeni
1191 171 1333 212 milites
1351 169 1606 226 sequerentur
1620 165 1700 212 non
1711 170 1839 213 solum
1855 170 2056 229 vexillum,
2070 176 2134 221 sed

277 241 395 280 etiam
412 238 713 279 Centurionem,
731 237 798 289 qui
817 235 963 287 iignum
978 230 1149 272 habebat
1162 233 1202 270 in
1215 230 1326 283 galea
1344 246 1352 268 ε
1371 242 1493 283 quare
1509 228 1739 285 transuersas
1751 257 1765 275 ,
1778 233 1816 270 &
1830 243 2048 285 argentatas
2060 238 2134 276 cri-

273 297 346 336 stas
363 296 387 345 ij
404 294 601 336 habebant
615 319 626 337 ,
643 306 683 333 vt
699 290 852 334 facilius
868 290 889 330 a
905 290 980 331 suis
1005 288 1195 335 militibus
1208 286 1510 341 agnoscerentur
1524 312 1536 331 ,
1565 299 1608 329 vt
1621 290 1814 343 Vegetius
1830 288 1899 329 lib.
1918 302 1954 328 2.
1967 303 2048 346 cap.
2066 306 2129 346 13.

277 356 314 394 3<
339 359 399 392 16.
416 351 617 393 attestatur
634 379 642 389 .
1254 378 1257 383 ,

224 426 241 454 1
253 426 269 454 2
281 418 304 452 6
336 410 492 451 Pedites
506 410 635 463 grauis
653 419 851 449 armaturae
867 432 879 451 ,
892 406 1085 446 thoracati
1098 430 1110 450 ,
1124 419 1213 445 cum
1231 404 1353 458 galeis
1369 405 1408 443 δι
1423 405 1572 459 clypeis
1589 405 1696 445 aereis
1708 430 1721 449 ,
1747 406 1818 460 qui
1835 405 2010 460 praelium
2025 410 2127 450 exci-

279 469 442 523 piebant
455 470 507 512 2&
526 478 710 519 tanquam
727 464 873 505 ferreus
889 478 1024 504 murus
1039 462 1333 517 perstabant3&
1348 475 1426 501 non
1440 461 1562 503 solum
1582 461 1784 503 missilibus
1797 489 1808 507 ,
1836 462 1901 504 sed
1916 465 2033 504 etiam
2047 466 2128 520 gla-

275 526 350 576 dijs
365 526 544 566 cominus
559 522 799 564 dimicabant
814 537 823 565 ;
840 521 969 563 hostes
986 532 1116 561 tamen
1132 519 1329 574 fugientes
1345 533 1425 560 non
1440 518 1793 575 persequebantur,
1810 535 1859 562 ne
1873 523 1998 563 aciem
2013 521 2128 570 suam,

274 583 535 636 ordinemque
551 579 825 634 perturbarent
838 605 849 623 a
864 592 906 620 vt
921 580 1111 632 Vegetius
1126 577 1195 618 lib.
1219 592 1256 617 2.
1269 591 1353 631 cap.
1371 592 1385 617 1
1396 591 1434 627 7.

223 655 240 682 1
252 656 269 682 2
281 655 302 691 7
335 640 521 693 Legionis
539 640 651 679 vnius
662 637 809 691 fignum
826 637 958 692 aquila
974 662 985 681 ,
1012 638 1061 677 ab
1087 635 1298 691 aquilifero
1315 634 1463 688 gestata
1482 652 1489 673 :
1509 637 1667 689 triginta
1693 649 1823 678 autem
1842 638 2020 693 legiones
2037 637 2129 681 fuis-

279 698 317 740 se
331 697 396 738 sub
412 697 567 737 Traiani
584 696 796 749 Imperium
813 693 983 737 constat,
1005 693 1101 734 ficut
1118 697 1156 734 &
1169 692 1236 733 sub
1253 692 1370 733 finem
1385 693 1481 732 Belli
1499 695 1633 733 Punici
1654 709 1718 734 20.
1731 693 1801 734 sub
1814 697 2027 749 Imperium
2044 698 2128 747 Iulij

276 754 436 797 Caesaris
457 752 589 793 16.suh
607 752 840 806 Vespasiano
855 765 986 793 autem
1003 758 1069 802 36.
1098 752 1303 792 Traianam
1321 750 1415 791 vero
1427 753 1590 804 primam
1607 752 1805 805 legionem
1823 752 1844 792 ὲ
1857 754 1985 795 limite
2002 755 2130 796 Rheni

276 813 326 854 ab
343 814 512 853 Traiano
536 808 647 851 fuisse
669 811 874 850 abductam
900 811 939 850 in
957 809 1028 849 hac
1044 809 1296 863 expeditione
1316 810 1463 848 Dacica
1481 808 1666 850 aduersus
1691 810 1937 852 Decebalum
1954 813 2132 868 Regem.)

275 872 497 913 Dacorum,
512 866 760 922 Vuolfangus
777 868 914 908 Lazius
933 867 1000 906 lib.
1016 867 1445 915 5.C0mmentariorum
1464 868 1573 921 Reip.
1589 868 1703 909 Rom.
1716 867 1836 911 docet
1850 883 1861 912 3
1881 866 1945 910 sed
1961 883 2048 927 quae
2061 871 2130 914 ha«

276 942 362 969 rum
381 928 495 968 trium
511 925 650 969 fuerit,
666 925 841 979 signatim
859 938 937 964 non
954 925 1101 979 liquet.

232 998 250 1027 1
263 989 311 1026 28
344 985 501 1039 Syluam
515 981 764 1023 densiffimam
780 981 904 1026 ,intra
919 996 1035 1036 quam
1055 980 1182 1022 hostes
1200 980 1240 1022 se
1251 981 1409 1025 abdere,
1432 985 1470 1023 &
1487 995 1533 1022 ex
1550 982 1693 1035 insidijs
1705 980 1960 1037 prodeuntes,
1976 983 2130 1026 nostros

277 1042 512 1095 intercipere
526 1052 708 1093 poterant
723 1056 731 1079 ε
745 1044 782 1081 &
795 1041 886 1094 quia
897 1040 1180 1094 impedimento
1195 1052 1278 1081 erat
1290 1041 1478 1082 exercitui
1490 1042 1777 1096 progredienti,
1794 1041 2012 1095 Imperator
2023 1043 2132 1085 iubet

280 1098 498 1140 vniuersam
519 1098 540 1137 :i
560 1098 752 1138 militibus
771 1097 942 1141 succidi,
960 1112 1000 1138 vt
1017 1097 1061 1138 fit
1077 1126 1086 1136 .

235 1167 254 1200 1
267 1172 316 1206 29
347 1156 532 1196 Secundae
546 1157 714 1209 legionis
730 1155 878 1209 iignum
896 1156 1026 1209 aquila
1038 1154 1136 1196 intra
1152 1156 1320 1196 lauream
1337 1170 1525 1197 coronam
1542 1185 1552 1195 .

233 1229 252 1256 1
263 1230 315 1268 30
350 1212 497 1268 Aquila
510 1215 628 1254 tertiae
644 1214 813 1267 legionis
825 1212 974 1266 signum
991 1211 1090 1253 intra
1106 1214 1275 1254 lauream
1291 1214 1427 1255 itidem
1445 1226 1632 1255 coronam
1647 1230 1655 1253 :
1670 1215 1761 1256 Hoc
1776 1227 1907 1256 tamen
1919 1214 2104 1258 intererat
2119 1242 2132 1262 ,

226 1266 229 1268 ’
281 1271 395 1327 quod
410 1272 516 1325 prior
530 1295 543 1315 ,
557 1271 666 1311 nullo
685 1283 767 1311 erat
781 1283 1012 1311 ornamento
1025 1270 1204 1311 conclusa
1218 1297 1230 1315 ,
1243 1272 1308 1313 sed
1331 1270 1538 1313 frondibus
1552 1271 1699 1313 tantum
1716 1286 1852 1315 ornata
1868 1289 1878 1317 ς
1896 1271 2134 1315 secundam,

281 1328 378 1370 vero
393 1329 526 1370 laurea
540 1341 685 1368 corona
701 1327 887 1381 cingebat
901 1344 910 1371 3
939 1330 1058 1368 tertiae
1072 1354 1084 1372 ,
1104 1329 1201 1369 vltra
1215 1329 1390 1370 laureum
1408 1330 1550 1370 sertum
1565 1355 1576 1373 ,
1592 1331 1749 1371 coronis
1764 1332 1942 1387 quaedam
1956 1332 2132 1377 accedit,

279 1397 323 1429 vt
337 1385 490 1439 singulae
509 1387 547 1425 in
565 1399 655 1425 eum
680 1385 841 1425 modum
855 1384 943 1426 satis
960 1385 1286 1439 distinguerentur
1299 1413 1310 1433 ,
1325 1390 1364 1429 &
1379 1387 1582 1443 legionarii
1600 1388 1828 1444 quicunque
1842 1388 2012 1434 milites>
2024 1387 2134 1431 suam

281 1442 452 1498 aquilam
469 1442 517 1482 ab
533 1443 617 1494 alijs
634 1442 850 1483 distinctam
866 1442 1120 1497 agnoscerent
1132 1473 1140 1483 .

222 1507 252 1531 ⁹1-
309 1497 450 1556 Qesta
466 1497 669 1548 dstintione
685 1499 895 1551 nonstcaua
912 1503 955 1540 710³
971 1501 1087 1555 dagli
1101 1502 1244 1547 autori,
1260 1503 1303 1542 nr?
1319 1502 1386 1542 dal
1397 1517 1539 1543 marmo
1551 1529 1563 1548 ,
1587 1503 1770 1554 douefimo
1784 1502 1955 1558 l'insegne
1965 1502 2060 1544 delle
2075 1504 2131 1544 le-

275 1557 380 1612 gioni
396 1584 408 1603 ,
424 1571 442 1596 e
452 1556 546 1597 delle
562 1557 705 1597 Cohorti
717 1583 728 1602 ,
758 1572 820 1596 con
835 1557 970 1609 lifhliti
985 1560 1213 1606 ornamenti,
1242 1574 1260 1599 e
1274 1561 1347 1599 nell
1350 1561 1590 1602 ’antecedente
1602 1574 1748 1600 numero
1765 1562 1936 1614 52.sott0
1960 1562 1989 1601 il
2002 1561 2107 1616 clipeo
2119 1587 2136 1608 2

281 1628 346 1655 con
360 1614 464 1655 l’ima
462 1615 549 1669 gine
559 1614 670 1655 dell'I
673 1625 874 1664 mperatore
873 1614 921 1666 st
926 1616 1021 1656 vecie
1035 1616 1063 1656 il
1075 1617 1174 1658 titolo
1186 1644 1199 1665 ,
1212 1618 1250 1658 in
1265 1619 1322 1660 cui
1332 1632 1442 1660 erano
1446 1619 1574 1671 scritti
1587 1618 1616 1658 il
1629 1632 1732 1660 nome
1746 1618 1807 1659 del
1823 1619 1985 1673 Principe
1994 1646 2007 1666 2
2017 1633 2132 1661 non...-

280 1685 344 1712 con
360 1673 483 1712 lettere
496 1672 595 1712 cl'oro
605 1698 618 1717 ,
634 1671 697 1713 md
713 1672 753 1712 di
768 1673 879 1713 colore
885 1674 1035 1726 puniceo
1051 1704 1062 1714 .

232 1743 280 1785 13
292 1745 306 1770 1
344 1732 439 1772 Duo
456 1729 698 1784 Regulorum
713 1732 839 1786 capita
855 1758 866 1777 ,
881 1733 1050 1773 Traiano
1065 1734 1247 1788 Augusto
1261 1735 1300 1775 in
1315 1736 1400 1776 acie
1414 1734 1658 1780 consistenti,
1669 1734 1691 1775 ὲ
1710 1733 1900 1776 militibus
1913 1735 2038 1790 quiea
2048 1733 2130 1779 suc-

286 1789 460 1830 ciderant
472 1814 484 1833 ,
497 1786 744 1842 perferuntur
755 1814 768 1835 2
783 1791 946 1844 gratiam
962 1792 1147 1848 principis
1158 1792 1212 1833 ob
1223 1792 1373 1835 strenue
1389 1807 1471 1834 tem
1488 1791 1634 1848 gestam
1648 1819 1660 1839 ,
1676 1796 1713 1834 δι
1726 1793 1927 1849 praemium
1943 1792 2132 1849 suscipere

284 1845 524 1902 sperantibus
542 1875 552 1885 .
1319 1873 1321 1875 ·

227 1906 280 1957 '13
292 1920 308 1944 2
346 1904 521 1945 Praelium
538 1916 651 1946 atrox
665 1904 687 1946 ἃ
705 1906 883 1947 Romano
903 1907 1027 1948 milite
1044 1922 1134 1949 cum
1148 1909 1269 1950 Dacis
1286 1907 1508 1949 consertum
1521 1923 1532 1951 5
1546 1907 1612 1950 vbi
1627 1909 1777 1951 diutius
1791 1919 2021 1964 pugnatum,
2035 1907 2128 1950 stre-

282 1960 360 2002 nue
374 1959 410 2002 se
424 1960 599 2003 hostibus
616 1964 814 2005 tuentibus
828 1968 866 2006 δε
878 1966 1178 2010 dimicantibus;
1202 1967 1358 2007 tandem
1374 1967 1552 2022 equitatu
1577 1965 1740 2008 Caesaris
1758 1966 1987 2021 opportune
2008 1964 2125 2008 subfi-

280 2019 392 2059 dium
404 2017 553 2061 ferente
567 2046 579 2065 ,
591 2022 750 2062 victoria
766 2036 874 2075 parta
887 2049 899 2067 ,
913 2023 1006 2062 licet
1020 2022 1106 2064 satis
1122 2037 1281 2065 cruenta
1296 2025 1468 2078 ,ingenti
1483 2022 1607 2078 strage
1625 2024 1730 2065 edita
1746 2020 1948 2066 Dacorum
1960 2050 1973 2069 ,
1985 2022 2132 2065 multis-

282 2090 363 2131 que
388 2090 436 2116 ex
454 2078 509 2116 eis
525 2080 688 2131 captiuis
705 2079 880 2120 abductis
897 2110 906 2119 .
936 2080 1037 2120 Cum
1056 2095 1184 2122 autem
1202 2095 1278 2122 tres
1294 2083 1472 2136 legiones
1484 2082 1752 2123 Romanorum
1770 2082 1936 2123 militum
1954 2082 2044 2122 huic
2059 2095 2133 2136 pu-

280 2147 366 2188 gnae
390 2132 637 2175 interfuerint
648 2161 660 2180 ,
673 2135 910 2191 fingulaeque
928 2162 940 2181 ,
954 2139 1106 2190 pedites
1125 2139 1188 2179 sex
1203 2139 1326 2179 millia
1340 2153 1496 2181 centum
1509 2164 1521 2183 ,
1535 2141 1689 2194 equites
1705 2138 1907 2181 sexcentos
1921 2139 2058 2194 viginti
2068 2136 2133 2180 sex

286 2192 811 2248 continuerineconsequens
825 2194 1021 2238 fit,decem
1037 2199 1074 2237 δε
1089 2201 1180 2237 octo
1196 2197 1318 2237 millia
1333 2201 1369 2238 δι
1385 2208 1579 2238 trecentos
1591 2198 1798 2250 pedites,&
1811 2197 1920 2238 mille
1933 2196 2135 2250 octingen-

283 2259 346 2289 tos
362 2246 603 2303 septuaginta
615 2253 705 2290 oeto
722 2253 878 2305 equites
894 2253 1082 2293 aduersus
1100 2255 1234 2294 Dacos
1249 2254 1375 2294 hocin
1390 2255 1601 2295 certamine
1612 2252 1809 2308 pugnasse,
1819 2265 1955 2308 praeter
1968 2253 2133 2294 auxilia-

283 2320 345 2347 res
361 2307 514 2359 copias,
530 2306 552 2346 a
570 2305 695 2355 socijs,
713 2308 775 2348 vel
791 2307 992 2350 foederatis
1007 2309 1317 2367 iniffas,quarum
1332 2310 1513 2356 fortassis,
1525 2312 1746 2352 concordiae
1755 2312 1957 2365 imagines,
1972 2312 2132 2366 propria

283 2364 323 2403 in
341 2364 449 2403 bello
463 2362 567 2417 signa
579 2363 709 2405 fuere.
738 2366 789 2406 Et
810 2366 904 2406 licet
916 2367 1054 2421 singuli
1076 2369 1294 2410 Consulum
1307 2396 1320 2414 ,
1345 2383 1423 2409 non
1440 2367 1609 2424 amplius
1623 2367 1742 2424 quam
1760 2369 1857 2410 duas
1868 2368 2046 2422 legiones
2060 2367 2132 2410 ad-

283 2419 420 2461 uersus
435 2422 627 2462 exercitus
644 2421 810 2463 hostiurn
827 2425 943 2464 etiam
955 2425 1278 2467 numerofiffimos
1296 2427 1525 2471 eduxerint,
1550 2428 1810 2480 Imperatores
1835 2438 1964 2467 tamen
1979 2424 2133 2467 illarum

285 2490 490 2519 numerum
504 2481 714 2532 pugnaturi
725 2493 917 2522 auxerunt
927 2507 939 2526 ,
954 2495 996 2523 vt
1009 2484 1260 2525 multitudine
1275 2484 1498 2528 reficerent,
1511 2484 1622 2539 quod
1633 2485 1769 2529 virtus,
1780 2486 1818 2525 &
1833 2482 2042 2538 disciplinae
2056 2483 2131 2523 mi-

286 2535 411 2575 litaris
429 2536 558 2576 minor
572 2536 818 2578 obseruantia
831 2540 1040 2581 ademerat.
1059 2539 1179 2581 Adde
1189 2542 1300 2596 quod
1315 2542 1442 2582 hostes
1455 2539 1997 2597 peritiores,potentioresque
2008 2539 2136 2582 multo

281 2591 689 2634 euaserant:auxerant
704 2608 841 2647 praeter
856 2595 1012 2638 solitum
1028 2599 1161 2652 copias
1181 2615 1189 2637 :
1206 2602 1246 2640 &
1262 2600 1421 2640 demum
1441 2611 1547 2640 anna
1559 2625 1572 2644 ,
1599 2600 1721 2646 astus,
1739 2602 1778 2641 δε
1791 2597 2034 2654 disciplinam
2052 2598 2136 2640 Ro-

287 2662 491 2690 manorum
508 2650 660 2696 edocti,
678 2652 811 2697 aliter,
826 2655 945 2696 auctis
958 2655 1084 2709 copiis
1099 2656 1260 2710 inquam
1273 2682 1284 2702 ,
1298 2668 1408 2698 erant
1424 2657 1673 2698 debellandi.

230 2718 311 2758 *133
347 2708 493 2760 Iupiter
519 2706 679 2761 fingitur
693 2707 860 2750 subfidio
882 2712 1070 2753 Romanis
1085 2713 1272 2755 aduersus
1292 2715 1427 2755 Dacos
1449 2715 1489 2755 in
1504 2714 1639 2768 praelio
1654 2712 1842 2761 adfuiffe,
1866 2725 2009 2770 vtpote
2021 2711 2132 2755 cuius

284 2776 426 2804 numen
442 2777 531 2804 ante
544 2764 787 2819 congressum
802 2767 1179 2821 hostium,sacrificijs
1194 2770 1425 2825 placassent:
1443 2775 1479 2812 δε
1495 2772 1661 2826 proinde
1677 2773 1909 2814 credebatur
1931 2775 2131 2814 Romano·

285 2833 370 2860 rum
386 2835 514 2874 partes
527 2820 663 2863 fouere
676 2849 688 2868 ,
707 2824 906 2880 Dacisque
921 2827 1114 2869 aduersari
1126 2857 1136 2867 .
1165 2831 1298 2885 Qare
1311 2832 1577 2883 exporrectam
1593 2830 1770 2871 dextram
1785 2830 1918 2872 versus
1933 2832 2133 2872 Romano-

283 2889 370 2918 rum
388 2880 487 2918 acies
503 2880 644 2925 habet,
661 2881 767 2935 quasi
780 2884 1049 2930 auxiliaturus,
1061 2885 1210 2926 occulit
1224 2886 1420 2932 finistram‚
1435 2887 1587 2928 vultum
1600 2887 1748 2928 habens
1757 2888 1808 2929 ad
1821 2889 1955 2936 Dacos
1967 2884 2134 2934 versum,

283 2932 351 2996 sed
367 2934 507 2974 iratum
524 2940 563 2977 δε
578 2950 727 2979 trucem
745 2969 755 2979 .
784 2940 870 2980 Nifi
886 2954 931 2981 ea
946 2942 1068 2983 virilis
1082 2945 1217 2996 imago
1232 2942 1505 2985 simulachrum
1519 2945 1722 2999 quoddam
1736 2946 1841 2986 Solis
1853 2945 1911 2990 fit,
1921 2947 1962 2986 &
1974 2957 2044 2999 per
2055 2945 2134 2987 hoc

284 2989 520 3058 significetur
537 3005 691 3049 tempus
706 2999 746 3038 δε
761 2997 858 3039 hora
870 3023 883 3043 ‚
914 2998 1060 3053 quibus
1078 3001 1238 3041 victoria
1253 3014 1365 3055 parta
1377 3001 1472 3045 fuit3
1487 3003 1574 3057 post
1592 3003 1799 3044 meridiem
1813 3004 1972 3058 inquam
1987 3027 2000 3047 ,
2015 3001 2134 3044 cuma

284 3047 355 3111 Sol
373 3062 395 3088 a
408 3049 624 3113 meridiano
649 3052 782 3094 versus
796 3055 983 3096 occiduas
992 3069 1122 3110 partes
1133 3059 1347 3112 incipiebat
1358 3059 1556 3101 declinare
1573 3086 1586 3105 ,
1614 3063 1655 3101 &
1674 3062 1875 3102 Dacorum
1886 3060 2027 3101 oculos
2042 3058 2134 3104 suaa
2163 3078 2166 3081 ·

284 3117 370 3167 acte
381 3107 635 3161 perstringere
650 3134 662 3152 2
685 3113 723 3150 &
735 3112 841 3164 quasi
858 3127 1052 3159 exeaecare
1065 3140 1079 3159 2
1098 3116 1286 3156 Romanis
1301 3129 1434 3159 autem
1447 3118 1596 3158 lumine
1607 3117 1744 3159 auerso
1754 3117 1886 3158 fauere
1901 3134 1910 3157 ε
1928 3121 1965 3160 &
1976 3116 2130 3161 forfam

290 3161 407 3227 huius
423 3166 478 3204 rei
494 3163 687 3205 beneficio
702 3168 862 3210 victoria
874 3170 1145 3212 laetasuccessit
1159 3187 1169 3215 3
1185 3186 1274 3213 nam
1288 3174 1357 3214 Sol
1371 3187 1463 3216 ante
1476 3174 1617 3217 faciem
1633 3176 1750 3230 eripit
1762 3173 1883 3216 visum
1898 3202 1911 3221 ,
1926 3189 2049 3232 quare
2063 3189 2132 3218 oc-

287 3232 468 3274 cipitium
486 3221 608 3267 debet
631 3220 819 3277 respicere
834 3251 847 3272 >
873 3227 1181 3288 aduersariorum
1196 3231 1386 3288 impetere
1398 3231 1541 3277 faciem
1564 3262 1576 3274 .
1613 3234 1754 3280 Duch
1769 3231 1841 3278 hac
1857 3235 2105 3279 coniectura„
2118 3252 2133 3281 5

1969 3291 2081 3349 quod
