2221 3512
271 200 411 242 orbem
427 197 491 242 seu
505 195 623 251 pilam
639 187 794 235 auream
809 190 968 239 tenebat
983 188 1023 230 in
1042 187 1178 232 dextra
1189 211 1201 232 ,
1217 184 1318 235 intra
1329 196 1448 241 quam
1461 182 1575 238 ipsius
1590 181 1740 233 eineres
1757 183 1950 231 reconditi
1965 184 2127 232 affer-ua..

273 258 417 303 bantur
435 273 442 294 :
459 255 651 308 sceptrum
666 252 704 297 in
718 250 857 296 sinistra
871 275 883 293 ,
900 247 1022 289 simile
1039 248 1084 297 iJs
1097 272 1108 290 ,
1122 245 1268 301 quibus
1285 244 1445 300 Hispani
1463 242 1583 289 hodie
1597 243 1748 288 iudices
1775 255 1847 295 pro
1865 241 2000 295 iniigni
2015 259 2127 289 vrun-

273 327 337 357 tur
356 343 366 352 .
411 315 546 353 Statua
574 323 704 354 autem
722 309 804 350 haec
819 332 832 351 ,
846 307 910 352 vel
929 304 950 345 ὲ
977 304 1151 353 barbaris
1164 303 1300 348 vrbem
1315 299 1550 347 vastantibus
1565 299 1756 347 demolita
1773 300 1785 343 ,'
1815 299 1876 342 vel
1894 304 2126 355 ⁴tempestatis
2158 321 2164 324 ·

272 374 315 413 vi
329 373 493 416 alicuius
510 370 682 409 deiecta:
699 379 785 405 nam
800 364 902 411 illius
920 376 1038 419 caput
1049 388 1060 406 ,
1075 361 1164 407 cum
1178 359 1275 400 basis
1292 359 1497 405 ruderibus
1513 370 1760 412 purgaretur,
1776 369 1973 411 repertum
1985 385 1997 404 2
2012 365 2049 401 ὃ(
2058 364 2126 404 in)

273 429 377 472 aedes
396 427 596 483 quondam
620 422 844 471 Cardinalis
858 421 950 460 dicti
966 420 1066 468 dela
1083 419 1220 467 Valle,
1233 418 1461 464 translatum
1476 444 1486 454 .
1520 416 1643 465 Pedes
1660 428 1793 457 autem
1807 414 1960 469 fastigio
1976 418 2122 463 colum.

271 499 329 526 nae
352 486 591 530 adhaerentes
616 481 745 522 adhuc
761 477 934 522 visuntur
951 507 960 516 .
992 478 1080 519 Fuit
1105 488 1237 517 autem
1253 473 1423 521 colossus
1440 476 1503 516 hic
1517 475 1660 528 longus
1676 474 1799 529 pedes
1819 487 1885 513 21.
1902 474 2123 518 Romanos:

272 556 363 583 nam
380 554 498 596 caput
513 541 534 581 a
551 540 700 582 vertice
715 538 765 585 ad
790 548 965 582 mentum
992 535 1161 583 duorum
1173 533 1320 590 pedum
1342 544 1612 588 quattuorque
1631 533 1829 581 vnciarum
1846 530 1974 572 existit
1988 558 2001 577 ,
2016 535 2124 588 quod

275 614 381 642 nona
397 599 517 641 totius
536 597 712 650 corporis
728 609 816 652 pars
828 593 902 634 esse
917 593 1015 636 solet
1029 621 1040 634 .
1178 594 1182 595 ’

302 659 341 697 ΙΙ
357 657 530 700 ,Ciaccone
543 654 583 698 al
600 668 699 698 num.
721 667 783 705 14·
798 652 937 706 mffura
949 650 1131 694 l'altezza
1146 648 1188 696 di
1200 645 1457 703 questastatua
1464 646 1563 701 piedi
1583 663 1601 687 2
1616 660 1649 691 1.
1665 661 1728 691 con
1747 647 1787 690 la
1796 647 2017 700 proportione
2027 648 2125 693 della
2165 679 2170 701 .-

214 704 223 711 ι
272 712 363 764 ίςβα
375 713 442 758 dal
456 713 610 757 vertice,
623 712 664 757 al
674 720 806 755 mento,
821 710 901 756 ¹alta
919 724 955 756 2.
962 707 1064 761 picdi
1073 721 1149 746 onc.
1160 720 1200 755 4.
1212 705 1479 755 moltiplicando
1493 720 1531 752 9.
1545 703 1629 753 teste
1641 733 1651 743 .
1681 706 1735 748 M
1737 703 1762 749 ἂ,
1763 704 1922 755 ftcondo
1935 706 1974 745 la
1988 706 2127 758 mffura

268 771 365 811 delle
367 769 495 821 statue
507 769 649 815 antiche
664 795 676 815 ,
688 768 750 809 che
764 781 834 809 non
841 768 1022 823 giungono
1037 764 1262 807 all'altezza
1278 763 1319 809 di
1330 761 1414 813 teste
1431 767 1468 804 8.
1484 763 1517 804 le
1521 762 1588 816 pit>
1591 763 1714 816 suelte
1728 761 1755 805 i}
1778 760 1908 818 Colcffo
1921 777 1991 807 non
1994 774 2126 817 potem

274 826 383 884 effere
397 828 582 883 maggiore
593 827 632 870 di
637 826 740 880 piecli
762 839 778 866 1
788 828 826 866 8.
846 824 850 827 ’
1623 860 1627 861 ⁷
1997 820 2002 825 ’

325 889 507 933 Decretae
522 897 653 932 autem
669 885 709 930 in
726 883 920 926 columnis
934 881 1062 928 statuae,
1077 878 1099 925 a
1113 880 1258 921 Senatu
1271 879 1467 938 plerisque
1489 878 1675 921 fuerunt.
1695 882 1760 920 ,In
1776 880 1986 934 sepulchris
2003 879 2124 927 vero,

271 957 405 999 neque
416 957 496 988 non
511 941 777 989 monumentis
793 940 970 996 reliquis,
985 939 1255 983 columnarum
1268 939 1367 979 ratio
1382 936 1471 985 fuit,
1483 950 1526 981 vt
1538 939 1647 980 cuius
1664 940 1814 978 nomini
1831 938 1965 979 dicatae
1980 937 2100 980 essent
2112 964 2126 983 ,

268 1001 401 1054 gloria
414 1001 525 1054 supra
539 1011 699 1044 caeteros
714 998 901 1044 mortales
916 996 1166 1040 attolleretur
1180 1024 1191 1035 .
1220 996 1326 1038 Hinc
1339 995 1408 1035 illa
1417 996 1529 1046 Ennij
1549 996 1598 1041 de
1608 996 1795 1053 Scipione
1819 995 1937 1038 verba
1952 1021 1965 1041 ,
1989 995 2128 1053 Qan-

271 1068 355 1099 tam
368 1055 542 1111 statuam
552 1055 676 1108 faciet
698 1054 851 1108 Populus
880 1059 1066 1102 Romanus
1080 1061 1099 1093 ,ι’
1123 1063 1305 1107 quantam
1330 1053 1534 1093 columnam
1550 1079 1562 1097 ,
1587 1057 1666 1108 quie
1675 1067 1739 1093 res
1753 1065 1837 1095 tuas
1854 1050 1976 1107 gestas
2000 1054 2133 1106 loquar-

271 1125 335 1158 tur
347 1124 368 1156 ,ι’
393 1115 455 1157 vel
472 1113 579 1157 certe
591 1113 702 1169 quod
716 1112 930 1161 maioribus
945 1125 1031 1159 ,mos
1044 1110 1179 1156 fuerit,
1196 1112 1392 1165 principes
1406 1113 1512 1152 viros
1527 1110 1596 1151 sub
1622 1111 1825 1154 montibus
1849 1111 2009 1167 sepelire
2026 1139 2037 1150 .
2073 1110 2130 1153 At

272 1174 365 1214 cum
381 1184 538 1213 montes
556 1171 767 1226 sepulchris
781 1170 1000 1219 excitandis
1020 1169 1150 1216 vbiuis
1160 1182 1240 1209 non
1252 1167 1483 1214 sufficerent,
1497 1168 1913 1223 pyramide52altasque
1929 1169 2130 1210 columnas

271 1231 387 1286 super
402 1231 594 1272 cadauera
605 1242 790 1275 erexere:
809 1229 872 1276 vel
887 1227 967 1282 ipsa
984 1228 1117 1281 potius
1128 1225 1319 1267 cadauera
1333 1225 1446 1281 super
1475 1227 1678 1268 columnas
1695 1230 1733 1267 δε
1752 1226 1975 1281 pyramides
1992 1239 2129 1267 recon-

271 1288 369 1330 dere
386 1299 570 1330 curarunt
581 1315 591 1325 .
631 1286 748 1326 Solus
763 1299 895 1329 autem
913 1288 1015 1331 inter
1029 1286 1290 1338 Imperatores
1302 1310 1314 1329 ,
1329 1285 1422 1325 teste
1435 1286 1630 1339 Eutropio
1648 1311 1661 1331 ,
1687 1285 1878 1328 Traianus
1892 1285 1933 1325 in
1947 1284 2055 1325 Vrbe
2072 1283 2130 1324 se,-

271 1346 413 1402 pultus'
425 1343 503 1386 fuit
519 1374 529 1383 .
558 1345 667 1388 Nam
677 1341 927 1387 Mausoleum
945 1341 1110 1396 Augusti
1120 1367 1133 1387 2
1148 1341 1274 1389 moles
1288 1342 1492 1388 Hadriani,
1507 1345 1546 1385 &
1557 1345 1755 1386 Columna
1768 1341 1961 1384 Antonini
1975 1342 2049 1394 Pij,
2064 1355 2131 1383 ex·-
2167 1376 2172 1379 .

274 1415 335 1444 tra
351 1401 472 1444 Vrbis
489 1402 775 1443 habitationem
793 1399 902 1446 fuere
918 1429 929 1440 .
1014 1402 1019 1403 ⁷

269 1460 450 1505 Jrioris
465 1459 567 1498 Belli
585 1457 607 1498 a
629 1460 799 1500 Traiano
814 1459 919 1512 Aug.
933 1455 1115 1498 aduersus
1129 1457 1264 1503 Dacos
1282 1456 1462 1513 suscepti,
1477 1459 1630 1500 initium
1647 1486 1657 1496 .
1691 1458 1773 1513 Q
1793 1457 1999 1513 postquam
2015 1455 2128 1497 Italia

275 1514 488 1564 excefferat
506 1541 518 1560 ,
534 1515 703 1569 Alpibus
717 1517 898 1559 traiectis,
912 1517 960 1559 ad
977 1516 1154 1557 Noricos
1169 1540 1182 1559 ,
1198 1528 1300 1559 ,nunc
1314 1516 1468 1563 Stiriam
1484 1520 1522 1558 &
1534 1516 1888 1560 Carinthiaxmcum
1902 1514 2027 1569 copijs
2042 1526 2131 1567 per-

273 1574 386 1614 uenit
414 1589 423 1612 :
439 1586 510 1627 per
526 1573 693 1613 eandem
721 1574 825 1612 enim
841 1574 941 1614 viam
958 1574 1031 1613 iter
1045 1570 1175 1619 fecisse
1186 1572 1235 1612 ab
1251 1572 1359 1613 Vrbe
1372 1575 1412 1613 in
1429 1575 1679 1616 Germaniam
1693 1599 1706 1618 ‚
1732 1573 1820 1613 cum
1850 1573 1873 1613 a
1896 1572 2130 1616 Domitiano

272 1629 431 1673 Caesare
452 1631 639 1678 Romanis
651 1630 877 1684 legionibus
892 1630 1175 1684 przaeficeretur,
1188 1630 1336 1677 Plinius
1350 1632 1390 1671 in
1405 1633 1649 1686 Panegyrico
1663 1631 1807 1671 author
1816 1630 1869 1671 est
1882 1659 1892 1669 .

306 1685 599 1728 Profectionem
612 1689 707 1730 vero
724 1689 880 1728 Traiani
897 1688 1062 1741 Augusti
1076 1688 1116 1727 in
1132 1687 1311 1732 Daciam,
1320 1701 1463 1743 quarto
1475 1690 1633 1743 Imperii
1644 1688 1699 1729 sui
1714 1702 1818 1729 anno
1835 1684 2002 1728 extitisse
2017 1683 2130 1738 fastu-5

277 1757 366 1791 xum
381 1757 637 1785 monumenta
653 1745 827 1799 produnt
843 1748 894 1786 ιδ(
909 1746 1004 1786 dum
1019 1746 1141 1785 aetatis
1158 1757 1294 1798 ageret
1307 1747 1430 1796 xlviij.
1447 1747 1554 1787 Nam
1570 1747 1663 1792 xliv.
1675 1748 1866 1799 imperare
1882 1744 2008 1798 coepit
2022 1770 2034 1789 ,
2049 1757 2129 1795 non

273 1813 321 1844 vt
337 1803 421 1849 Dio
437 1801 586 1848 Cassius
602 1800 747 1857 scripsit
757 1804 838 1853 xlij.
863 1804 975 1857 quod
989 1803 1219 1857 neutiquam
1234 1815 1456 1858 temporum
1473 1803 1582 1846 seriei
1597 1804 1792 1847 cohaerere
1806 1815 1961 1858 poterat
1973 1833 1983 1842 .
2000 1800 2131 1842 Cim„

272 1860 384 1900 enim
400 1858 481 1913 ipse
502 1861 642 1901 vixerit
652 1874 776 1902 annos
788 1861 883 1913 lxiij.
900 1861 1018 1901 mens.
1029 1862 1080 1900 ix.
1092 1861 1147 1900 di.
1163 1861 1215 1900 iv.
1246 1862 1578 1917 imperaueritque
1588 1876 1711 1904 annos
1721 1863 1800 1903 xix.
1815 1859 1934 1903 mens.
1947 1876 1982 1900 v.
1996 1860 2048 1899 di.
2063 1871 2128 1900 xv·

271 1915 464 1971 consequi
477 1915 628 1958 necesse
643 1930 810 1964 erat,aut
824 1919 929 1971 xxiij.
945 1932 1068 1960 annos
1082 1917 1205 1972 ipsum
1220 1918 1507 1973 imperasse,aut
1521 1918 1628 1960 certe
1646 1919 1711 1959 lxi.
1728 1916 1864 1969 obijffe
1881 1935 1888 1957 :
1907 1930 2126 1971 vtrunquea

272 1986 406 2015 tamen
419 1972 442 2014 a
461 1975 517 2014 rei
531 1975 693 2016 veritate
706 1975 811 2016 abest
826 2002 838 2021 ³
858 1989 900 2017 vt
917 1990 965 2016 ex
982 1976 1137 2024 historia
1152 1974 1284 2030 ipsius,
1300 1979 1338 2017 &
1352 1975 1456 2017 fastis
1468 2003 1480 2021 ,
1493 1975 1738 2032 publicisque
1763 1976 1905 2018 tabulis
1923 1975 2046 2029 potest
2061 1986 2132 2013 co-
2159 2008 2162 2009 γ
2220 1983 2221 1987 ’

272 2028 412 2084 gnosci
430 2058 441 2069 .
472 2030 565 2072 Nec
582 2033 881 2073 incommodum
895 2031 1013 2076 fuerit
1029 2032 1094 2079 hic
1109 2032 1307 2079 adnotaffe
1325 2060 1336 2078 ,
1351 2034 1462 2088 quod
1479 2047 1555 2089 ego
1569 2033 1856 2088 diligentissime
1873 2031 2098 2084 inuestigaui
2114 2055 2129 2075 ‚

272 2089 489 2130 Traianum
499 2089 642 2130 Italicae
653 2090 777 2135 Vrbe,
792 2089 942 2144 Hispali
960 2091 1152 2148 proxima,
1167 2090 1234 2140 vij.
1253 2092 1341 2132 idus
1358 2093 1604 2134 Nouembris
1622 2092 1822 2141 natum,vj.
1833 2091 1918 2137 Kal.
1933 2087 2126 2139 Februarii

274 2145 470 2199 imperare
486 2145 647 2200 coepisse
662 2173 676 2193 ,
695 2150 733 2189 &
746 2147 896 2198 vj.idus
912 2147 1078 2202 Augusti
1089 2148 1194 2191 diem
1207 2149 1390 2191 vltimum
1406 2149 1543 2198 obiisse
1558 2180 1569 2190 .
1598 2151 1691 2191 Erat
1706 2161 1838 2195 autem
1853 2148 1986 2194 Italica
1998 2172 2010 2191 2
2036 2144 2128 2186 vrbs

275 2201 472 2257 Hispaniae
483 2204 642 2248 Beticae,
656 2205 706 2249 ad
722 2206 826 2260 ripas
837 2207 945 2246 Betis
960 2205 1066 2254 fluuij
1083 2204 1150 2247 fita
1166 2230 1178 2248 ,
1194 2204 1333 2250 decem
1350 2206 1399 2247 ab
1411 2206 1560 2261 Hispali
1577 2207 1807 2248 milliaribus
1824 2206 1964 2246 distans
1979 2230 1992 2248 ,
2015 2204 2129 2244 cuius

271 2271 379 2300 nunc
391 2261 509 2309 ruinas
524 2261 758 2314 ampliffimae
772 2261 960 2310 visuntur,
973 2277 1052 2304 non
1064 2260 1184 2316 longe
1198 2261 1248 2303 ab
1269 2264 1560 2323 Oppid0,quod
1580 2265 1719 2311 Alcala
1731 2264 1795 2311 del
1810 2264 1887 2309 Rio
1901 2259 2127 2305 diciturzvbi

275 2316 501 2358 Hadrianus
513 2321 552 2359 &
565 2319 812 2362 Theodosius
826 2321 1087 2375 Imperatores
1100 2321 1219 2360 etiarn
1230 2322 1309 2361 orti
1322 2350 1332 2360 .

209 2380 211 2383 “
301 2373 439 2415 Causae
454 2374 571 2419 huius
585 2377 686 2417 Belli
701 2375 931 2432 suscipiendi
945 2378 1114 2418 Traiano
1126 2376 1233 2430 Aug.
1245 2376 1379 2420 fuere:
1396 2381 1562 2434 pecunia
1578 2380 1745 2433 grauari,
1762 2391 1881 2434 quam
1896 2388 1997 2432 quot
2009 2375 2121 2416 annis

272 2429 380 2472 Daci
396 2431 603 2486 capiebant
622 2434 805 2476 :illorum
821 2436 956 2489 copias
970 2436 1008 2477 in
1022 2435 1106 2481 dies
1130 2437 1171 2476 &
1187 2437 1289 2476 vires
1301 2439 1435 2489 augeri
1452 2464 1464 2483 ,
1489 2437 1782 2492 efferatior-ique
1808 2435 1969 2480 subinde
1996 2435 2127 2474 animo

267 2487 382 2530 fieri:
400 2491 627 2537 Prouincias
639 2490 821 2533 finitimas
834 2494 874 2533 in
887 2493 1100 2533 amicitiam
1116 2492 1254 2547 populi
1269 2494 1451 2539 Romani,
1464 2494 1666 2550 fidemque
1678 2493 1885 2548 susceptas,
1900 2493 1946 2541 ijs
1958 2491 1980 2532 s
1976 2500 2127 2532 ummo-

272 2559 370 2600 pere
383 2545 571 2588 infestari:
588 2548 723 2602 gloriae
734 2551 899 2592 auiditas
911 2576 924 2595 ,
939 2563 1059 2605 quam
1070 2548 1182 2605 supra
1195 2551 1363 2591 maiores
1379 2565 1423 2592 ea
1439 2551 1508 2592 fibi
1522 2554 1584 2594 via
1601 2563 1827 2605 comparare
1844 2548 2030 2595 tentabat:
2041 2546 2128 2589 vin-

272 2602 451 2645 dicandae
464 2606 913 2663 iniuriae,dedecorisque
923 2606 1108 2654 abolendi
1123 2606 1356 2654 desiderium
1367 2635 1380 2655 ,
1397 2610 1508 2665 quod
1524 2623 1572 2650 ex
1586 2611 1796 2664 profligato
1807 2621 1931 2663 nuper
1941 2606 2128 2652 exercitu,

273 2658 470 2716 fignisque
481 2662 684 2716 legionum
699 2664 838 2707 amissis
852 2691 866 2710 ‚
877 2677 1117 2719 conceperat
1128 2694 1139 2704 .

303 2718 430 2758 Dacia
443 2745 456 2764 ‚
472 2721 582 2773 regio
601 2721 696 2761 olim
710 2721 787 2763 fuit
800 2721 871 2765 fitu
889 2721 1133 2764 munitiffima
1146 2747 1158 2767 ,
1173 2734 1276 2764 trans
1294 2724 1524 2766 Danubium
1541 2726 1738 2767 collocata
1752 2750 1765 2769 ,
1782 2723 1950 2764 mediam
1969 2719 2126 2763 Tibisco

274 2775 434 2837 flumine
445 2777 639 2821 alluente3
656 2781 883 2821 Prouincias
898 2780 1194 2834 complectitur,
1206 2794 1308 2821 nunc
1320 2783 1626 2824 Tranfiluaniam
1637 2810 1648 2828 2
1665 2782 1920 2825 Vualachiam
1937 2805 1949 2824 ,
1962 2783 1999 2820 δι
2017 2778 2124 2821 Mol-

275 2832 432 2871 dauiam
447 2834 568 2876 dictas
581 2864 591 2874 .
613 2835 679 2880 Ab
695 2851 740 2878 ea
753 2838 950 2880 sarmatiae
966 2850 1076 2892 parte
1088 2863 1101 2883 ,
1114 2851 1200 2892 quae
1216 2838 1332 2880 nobis
1348 2839 1474 2881 Russia
1489 2844 1527 2881 &
1542 2842 1709 2882 Podolia
1724 2840 1778 2880 est
1790 2865 1803 2883 ,
1814 2841 1918 2892 Tyra
1931 2837 2049 2877 fluuio
2063 2836 2125 2876 di-

277 2888 362 2952 uidi
380 2901 530 2952 veteres
546 2896 763 2950 geographi
776 2893 959 2950 scripsere
972 2923 982 2934 .
1021 2894 1088 2934 Ab
1100 2893 1275 2936 inferiori
1290 2909 1422 2937 autem
1442 2899 1583 2940 Moefia
1599 2926 1611 2944 ‚
1626 2913 1711 2954 quae
1727 2910 1830 2937 nunc
1844 2893 1968 2935 Bosna
1984 2896 2021 2933 &
2035 2893 2126 2933 Ser-

274 2959 340 3009 uJa
354 2946 479 2990 eX1st1t
496 2951 616 2992 ,Istro
631 2966 743 2995 amne
761 2953 993 3006 difiungitur
1008 2981 1019 2991 .
1050 2953 1253 2994 Circuitus
1269 2955 1352 3001 eius
1367 2955 1527 3008 patebat
1538 2983 1550 3002 ‚
1566 2958 1700 3003 Dione
1711 2982 1723 3001 ,
1738 2954 1950 2995 Ammiano
1961 2951 2131 2991 Marcel.

275 3004 389 3066 lino-2
414 3005 453 3043 &
470 3004 592 3046 Sexto
606 3010 711 3055 Rufo
727 3010 961 3053 authoribus
977 3035 990 3055 ,
1016 3009 1149 3053 decies
1168 3023 1332 3052 centena
1343 3013 1465 3054 millia
1479 3013 1654 3069 passuum
1667 3031 1675 3054 ε
1690 3012 1787 3054 idest
1802 3009 1906 3051 mille
1922 3007 2125 3051 milliaria,

279 3060 416 3124 ltalica
431 3086 443 3105 ,
462 3074 547 3115 quae
562 3067 777 3110 conficiunt
791 3068 864 3109 ccl.
878 3069 1027 3108 Leucas
1040 3066 1284 3120 Hispanicas,
1297 3073 1335 3110 δε
1352 3071 1520 3118 totidem
1535 3074 1717 3119 milliaria
1729 3065 1949 3112 communia
1960 3064 2127 3106 Germa·

275 3131 365 3158 mca
379 3147 389 3158 ·
415 3120 543 3177 Regio
556 3122 766 3175 plurimum
781 3123 1188 3178 montosa,arduisque
1204 3126 1357 3180 alpibus
1371 3131 1493 3175 cineta
1509 3157 1521 3175 ,
1534 3131 1684 3172 fodinis
1700 3130 1781 3170 auri
1796 3152 1809 3171 ,
1823 3123 2072 3176 argentique,
2085 3127 2124 3165 &
2144 3153 2149 3158 -
2182 3134 2185 3137 “

275 3178 358 3221 aeris
373 3175 589 3223 abundans,
606 3178 806 3226 frumenti,
820 3194 1100 3226 armentorum,
1113 3185 1153 3222 δε
1166 3186 1320 3236 pecoris
1334 3184 1443 3228 ferax
1457 3217 1467 3228 .
1495 3190 1617 3230 Dacis
1632 3203 1700 3242 per
1714 3187 1754 3227 id
1773 3193 1926 3233 tempus
1946 3181 2125 3222 Deceba-

277 3233 339 3276 ius
367 3234 452 3277 Rex
471 3249 659 3292 praeerat,
679 3241 748 3301 qui
764 3241 941 3299 Oppium
967 3239 1155 3298 Sabinum
1169 3241 1295 3299 yirum
1317 3245 1584 3293 consularem,
1610 3249 1648 3287 δε
1677 3238 1911 3287 Cornelium
1937 3235 2127 3334 Filrscunp

1978 3309 2072 3340 r-rae-
