2221 3512
231 188 316 229 stris
341 178 474 227 denuo
502 182 723 225 muniendis
739 177 983 237 perducunt:
1016 180 1078 233 aiij
1093 180 1241 227 calcem
1257 205 1269 225 ‚
1284 191 1441 221 arenam
1457 205 1469 224 2
1492 179 1798 234 lapides‚fabris
1822 181 1998 234 murarijs
2020 184 2097 226 ini-l
2131 196 2133 198 ·

233 246 393 286 nistrant
408 271 417 282 .

174 304 200 329 ’ἕ
256 300 294 340 T
295 316 338 341 ra
346 312 426 339 rano
441 297 466 336 d
482 297 623 337 cauallo
632 297 782 350 precede
798 295 930 335 auanti
944 295 958 333 l
962 292 1143 350 'Effert-ito
1157 311 1167 338 ς
1184 294 1266 350 egli
1279 294 1504 347 Esploratori
1517 305 1671 335 tornano
1684 321 1697 340 ,
1713 309 1732 335 e
1745 295 1868 336 danno
1881 307 1979 337 conto
1997 297 2090 340 dello

219 357 323 408 stato
339 359 384 398 de
399 355 550 395 nemici·

181 422 259 467 287
293 416 482 459 Traianus
514 426 601 454 cum
622 413 742 452 Dacis
767 412 898 452 denuo
924 410 1195 464 congressurus
1211 436 1223 455 ,
1250 410 1363 451 Deos
1380 409 1566 453 sacrificio
1583 410 1689 471 prius
1707 411 1921 467 placandos
1933 410 2086 454 censet:

233 488 313 515 non
330 474 432 512 enim
450 470 593 510 licebat
618 468 803 523 religioso
820 472 1003 525 cuiquam
1019 470 1186 522 principi
1201 482 1290 508 cum
1306 469 1414 509 hoste
1439 472 1628 524 congredi
1646 497 1658 516 ‚
1690 470 1758 512 nifi
1775 483 1890 511 antea
1903 468 2088 512 sacrificio

233 545 302 571 cos
318 526 510 570 delinilset
524 557 532 564 .
557 526 757 567 Sacrificat
772 539 903 567 autem
919 527 1106 566 Traianus
1123 526 1252 567 velato
1264 528 1407 579 capite,
1420 540 1461 567 vt
1472 541 1557 568 mos
1573 529 1625 569 est
1640 528 2087 575 Sacerdotibuswinum,

232 590 297 629 vel
315 587 537 638 sanguinem
556 587 724 624 maetam
743 586 1054 635 vic'timae,patera
1068 582 1300 638 superatam
1319 597 1408 638 igne
1423 588 1686 626 flammantem
1701 585 1927 628 infundens.
1956 582 2093 627 Astant

232 646 339 699 figna
350 671 362 689 ,
382 643 632 687 Sacerdotes,
646 646 681 682 δε
700 642 899 682 Tibicines
912 643 1021 681 lauro
1035 644 1212 682 coronati
1229 667 1241 685 ,
1269 643 1462 684 Camillus
1477 646 1670 696 ingenuus
1685 642 1910 685 adolescens
1923 643 2092 684 minister

232 703 496 745 sacrorum‚vt
515 697 684 739 diffusius
699 712 811 739 antea
826 698 895 740 suo
909 700 1002 738 loco
1019 700 1267 752 exposuimus
1284 730 1294 738 .
1321 700 1473 741 Libasse
1488 714 1618 741 autem
1634 700 1886 742 israeliticum
1898 700 2094 756 populum

235 760 485 814 p1-aecipicnte
503 757 680 796 Domino
692 758 731 795 in
743 758 865 796 veteri
882 759 971 808 lege
987 757 1119 801 vinum
1136 759 1173 797 in
1186 757 1379 809 sacrificus
1393 784 1405 803 2
1422 757 1728 814 sanguinemque
1742 758 1855 813 super
1868 771 1975 800 aram
1993 755 2093 798 effu-

235 815 330 857 diise
342 842 354 861 2
382 815 504 855 multa
523 814 716 854 sacrorum
731 814 922 854 librorum
940 813 1155 855 testimonia
1182 815 1356 867 produnt
1371 844 1380 854 .
1425 817 1481 858 Ex
1498 817 1676 856 Hebraeis
1693 816 1820 858 Graeci·
1834 829 1925 858 eum
1937 816 2084 856 ritum,

237 884 463 915 mutuarum
479 898 490 916 ,
506 885 553 910 ex
569 872 714 910 Graecis
733 872 900 911 Romani
915 870 930 920 2'
945 871 1068 912 Idolis
1085 872 1149 912 seu
1167 873 1446 922 commentitijs
1468 875 1563 914 Deis
1581 873 1654 914 suis
1672 872 1939 915 sacrificantes.
1951 875 2088 914 Vnum·
2139 884 2150 909 t

236 934 315 974 hoc
328 928 527 970 adnotasse
541 942 618 968 non
630 928 798 967 alienum
813 928 861 969 ab
879 930 956 969 hoc
973 928 1065 968 loco
1082 931 1166 974 erit,
1184 931 1397 972 Romulum
1412 932 1510 973 laete
1523 958 1535 976 2
1553 946 1631 972 non
1647 931 1742 972 vino
1756 929 1889 972 libaffe
1902 947 1911 969 :
1925 929 2093 971 indicio-

235 1003 316 1043 que
337 985 447 1027 fuisse
475 985 578 1026 sacra
594 985 641 1025 ab
659 998 718 1024 eo·
737 987 906 1027 instituta
924 1014 934 1031 ‚
965 987 1002 1025 in
1018 987 1162 1040 quibus
1179 989 1258 1027 non
1287 990 1419 1028 vinum
1433 1015 1445 1033 ,
1467 989 1533 1030 sed
1548 991 1609 1030 lac
1622 988 1882 1030 adhibebatur
1896 1018 1907 1028 .
1949 989 2094 1028 Numae
2141 999 2149 1015 ν·

243 1048 362 1101 Regis
379 1044 596 1098 posthumia
610 1043 673 1082 lex
690 1055 784 1088 erat,
798 1046 891 1084 vino
906 1056 1048 1096 rogum
1066 1058 1115 1084 ne
1129 1043 1342 1098 inspergito
1360 1075 1370 1085 .
1395 1047 1519 1103 Qod
1535 1045 1692 1088 sanxisse
1703 1046 1815 1086 illum
1831 1055 1992 1101 propter
2002 1045 2092 1085 ino-

243 1106 347 1159 piam
365 1104 434 1145 rei,
450 1114 566 1141 nemo
583 1100 738 1140 dubitat
753 1129 763 1138 .
801 1101 1011 1142 profanum
1027 1115 1158 1147 autem
1175 1105 1391 1156 &impium
1408 1104 1648 1150 habebatur,
1660 1106 1760 1144 inter
1774 1101 2065 1145 sacrificandum
2080 1126 2095 1145 2

241 1164 376 1203 vinum
395 1158 534 1199 offerre
548 1159 746 1211 imputata?
762 1160 863 1203 vitis,
878 1159 1044 1200 fulmine
1061 1163 1180 1204 tache,
1199 1174 1400 1215 quamque
1414 1163 1520 1203 iuxta
1538 1163 1660 1203 homo
1676 1163 1822 1216 laqueo
1835 1156 2093 1216 pependisset,

244 1231 311 1260 aut
327 1218 537 1258 vulneratis
553 1215 720 1270 pedibus
734 1216 886 1257 calcatae
900 1244 911 1261 ‚
933 1221 970 1258 ὃ(
995 1219 1106 1271 quod
1122 1219 1342 1258 circuncifis
1357 1221 1528 1260 vinaceis
1556 1217 1817 1274 profluxisset,
1843 1233 1910 1260 aut
1932 1215 2095 1270 superne
2141 1230 2150 1255 t

243 1276 414 1316 deciduo
426 1274 690 1314 immundiore
705 1272 810 1325 lapsu
828 1275 964 1328 aliquo
977 1275 1129 1328 polluta
1144 1273 1274 1316 fmffet
1286 1305 1296 1314 .
1326 1278 1424 1317 Item
1439 1279 1598 1323 Graeca,
1613 1279 1802 1333 quoniam
1818 1291 1963 1333 aquam
1974 1273 2097 1315 habe-

243 1346 329 1375 rent
345 1359 357 1377 ‚
373 1344 414 1372 vt
428 1330 547 1371 refert
564 1330 709 1370 Plinius
723 1330 791 1369 lib.
809 1334 968 1384 14'.·ca'p.
988 1348 1002 1372 1
1016 1346 1050 1370 2.
1067 1335 1105 1372 ὃς
1124 1347 1137 1371 1
1149 1347 1187 1379 9.

178 1394 207 1433 '1
219 1394 267 1432 88
301 1387 635 1430 Sueouetaurilia‚
663 1385 888 1428 sacrificium
907 1390 945 1428 in
970 1389 1198 1431 lustratione
1215 1395 1407 1432 exercitus
1420 1405 1551 1446 pugna
1564 1393 1791 1432 imminente
1805 1391 1889 1434 fieri
1911 1389 2065 1432 solitum
2081 1416 2095 1435 ‚

243 1462 290 1487 ex
307 1459 419 1487 tauro
433 1472 446 1489 2
460 1457 625 1485 veruecc
640 1469 651 1486 ³
668 1447 705 1483 3<
718 1457 827 1485 verre
842 1475 851 1484 .
877 1447 1032 1488 Adsunt
1046 1449 1162 1500 Popae
1177 1446 1358 1489 succincti
1373 1452 1546 1490 vhstimas
1564 1448 2094 1502 c01ife8turi2ViCtiinarij‚qui
2141 1462 2148 1484 t

243 1506 329 1545 illas
346 1502 541 1543 deferunt.
559 1504 717 1542 Veruex
733 1515 863 1542 autem
876 1507 914 1544 ὃς
932 1516 1060 1546 verres
1074 1504 1256 1545 laureatis
1269 1506 1517 1548 'dorsualibus
1535 1507 1772 1551 ornati,ficut
1787 1520 1918 1547 taurus
1934 1505 2095 1546 sericeo.

184 1567 212 1589 ⁴
272 1561 450 1616 Sagrifica
470 1560 604 1611 itporco
620 1584 632 1601 3
648 1559 686 1598 la
696 1570 825 1610 pecora
843 1586 854 1604 ,
869 1561 896 1599 il
907 1573 982 1601 toro
994 1590 1005 1607 ,
1019 1561 1149 1614 zlqual
1149 1564 1339 1617 sagr-ificio
1342 1564 1388 1614 fi
1393 1567 1412 1604 ἐ
1421 1565 1519 1605 detto
1529 1566 1580 1604 da
1589 1565 1765 1618 principio
1779 1562 2067 1605 Suouetaurilia
2077 1588 2092 1608 ,

185 1613 187 1615 ¹
230 1615 453 1671 solitofhrsl
463 1617 559 1655 nella
575 1613 784 1664 lustratlom’
795 1643 807 1660 ¹>
823 1615 840 1655 ὂ
856 1617 1021 1672 razffigna
1038 1618 1297 1673 dell'Fffermo
1308 1647 1320 1665 ,
1331 1623 1548 1662 imminendo
1562 1622 1729 1661 l'im‘mico
1743 1650 1753 1661 .

180 1692 209 1721 ¹1
219 1680 269 1725 89
301 1676 536 1716 Sacerdotes
551 1673 693 1729 reliqui
708 1675 820 1717 lauro
835 1680 1012 1723 coronati
1026 1701 1039 1722 2
1054 1677 1211 1733 rituque
1223 1704 1235 1724 ‚
1252 1691 1294 1722 vt
1308 1679 1490 1726 diximus,
1507 1678 1687 1729 succincti
1703 1679 1862 1722 Gabino
1877 1705 1890 1725 ‚
1905 1677 2089 1720 sacrificio
2139 1697 2145 1702 ·

243 1732 433 1777 intersunt
450 1762 458 1771 .
1420 1748 1424 1770 r

194 1806 271 1842 190
305 1790 431 1832 Caesar
446 1790 466 1830 e
483 1789 660 1845 suggesto
678 1793 820 1834 milites
836 1795 1092 1841 adhortatur,
1108 1808 1150 1838 vt
1163 1795 1317 1838 fortiter
1329 1796 1366 1838 se
1378 1800 1416 1838 δε
1433 1796 1582 1839 strenue
1600 1796 1785 1838 aduersus
1798 1795 1927 1836 hostes
1942 1795 1982 1834 in
1995 1806 2090 1848 prae-

236 1850 293 1888 lio
307 1850 460 1888 iamiam
475 1847 732 1895 conserendo,
749 1865 907 1904 gera11t;
922 1868 1051 1910 neque
1065 1847 1274 1908 patiantur,
1287 1868 1348 1896 tot
1363 1857 1542 1897 victorias
1556 1855 1606 1896 dc
1624 1857 1742 1896 Dacis
1762 1866 1891 1909 partas
1904 1878 1918 1897 2
1935 1864 2014 1892 vno
2028 1849 2088 1892 so-
2132 1867 2143 1890 ;

244 1906 286 1946 10
304 1908 516 1946 certamine
531 1911 656 1960 perii-e
671 1925 679 1946 :
696 1909 840 1949 robore
855 1914 891 1952 ὃ(
906 1911 1108 1966 disciplina
1121 1912 1277 1954 militari
1289 1912 1391 1968 ipsos
1403 1913 1576 1967 praestare
1587 1938 1598 1957 ‚
1615 1911 1802 1968 suamque
1816 1909 2012 1951 fortunam
2026 1906 2087 1950 su-

242 1965 437 2017 periorem
454 1963 529 2003 esse
547 1981 554 2003 :
573 1966 737 2017 proinde
751 1966 907 2008 facilem
923 1971 1123 2011 victoriam
1136 1968 1306 2011 futuram
1321 1997 1334 2015 ‚
1348 1984 1433 2026 quae
1443 1970 1638 2011 honorem
1654 1974 1693 2012 δι
1708 1982 1806 2025 opes
1823 1967 2008 2008 conciliet
2022 1994 2032 2004 .

190 2033 238 2068 19
250 2035 264 2059 1
301 2021 458 2074 Syluam
484 2020 639 2062 densam
651 2048 661 2067 ,
679 2036 726 2063 ne
741 2024 870 2065 hostes
883 2052 894 2069 ,
907 2026 1005 2067 intra
1025 2027 1145 2081 ipsam
1163 2027 1438 2069 delitescentes
1452 2053 1463 2072 ‚
1485 2027 1638 2068 infidias
1653 2029 1726 2068 iter
1740 2026 1870 2080 agenti
1905 2021 2090 2064 exercitui

245 2091 378 2132 parare
395 2077 546 2132 possent
560 2104 571 2122 2
588 2083 624 2119 &
642 2092 684 2120 vt
701 2083 812 2121 miles
829 2084 929 2123 viam
945 2084 1108 2125 haberet
1123 2086 1435 2125 commodiorem
1451 2111 1462 2130 2
1479 2086 1667 2126 Traianus
1682 2087 1858 2125 cunctam
1875 2081 2016 2123 succidi
2032 2081 2092 2120 iu-

244 2137 314 2176 bet
330 2166 338 2174 .
361 2136 441 2176 Vbi
459 2136 627 2176 duorum
641 2139 935 2191 exploratorum
953 2144 1080 2195 capita
1091 2167 1103 2186 a
1119 2143 1186 2197 qui
1203 2142 1469 2197 comprehensi
1486 2142 1639 2183 fuerant
1650 2169 1661 2188 ,
1677 2142 1806 2196 longis
1823 2139 1937 2181 hastis
1953 2137 2089 2183 affixa,

244 2193 293 2232 ad
306 2194 472 2233 aliorum
488 2194 736 2247 proditorum
755 2208 943 2237 terrorem
955 2223 967 2241 ³
984 2199 1146 2252 publico
1162 2203 1199 2240 &
1218 2201 1326 2240 edito
1336 2201 1428 2240 loco
1443 2198 1647 2254 spectanda
1664 2201 1949 2240 constituuntur
1963 2225 1973 2234 .

181 2261 208 2297 ,α
218 2261 266 2297 92
303 2252 492 2291 Traianus
507 2264 627 2305 eques
645 2251 843 2293 Tibiscum
857 2268 1009 2294 amnem
1021 2282 1033 2300 ,
1046 2269 1087 2297 vt
1101 2258 1322 2298 coniectura
1336 2258 1389 2298 est
1405 2283 1415 2302 ,
1426 2271 1496 2311 per
1511 2270 1673 2311 pontem
1687 2258 1860 2310 ligneum
1876 2252 2026 2306 magnis
2043 2252 2093 2292 ti-

244 2308 330 2361 gnis
349 2306 543 2348 suffultum
559 2334 570 2352 ,
585 2311 623 2349 &
641 2312 739 2349 intra
754 2311 850 2351 vada
866 2312 1039 2356 firmatis,
1054 2315 1412 2370 t1·aijcit,fimulque
1428 2316 1621 2355 exercitus
1635 2318 1795 2355 cunctus
1811 2340 1821 2351 .
1853 2314 1983 2366 Qem
1996 2321 2094 2351 con-

243 2364 355 2406 tinuo
374 2363 396 2404 a
414 2365 602 2405 militibus
618 2365 797 2407 succendi
814 2369 924 2409 iubet
935 2396 947 2414 ,
964 2384 1012 2410 ne
1025 2371 1153 2411 hostes
1166 2384 1236 2425 per
1252 2386 1340 2412 eum
1360 2371 1556 2413 transitum
1574 2372 1761 2412 haberent
1776 2399 1785 2409 .
1829 2370 2010 2410 Dubium
2024 2380 2094 2408 au-

246 2434 389 2466 tem‚an
408 2421 486 2476 ipse
498 2425 688 2464 Traianus
699 2437 863 2478 pontem
876 2426 1027 2471 fecerit,
1043 2429 1104 2469 vel
1118 2429 1167 2469 ab
1182 2430 1358 2470 hostibus
1374 2431 1450 2469 iam
1466 2428 1607 2470 factum
1624 2429 1812 2484 repererit
1827 2456 1836 2465 .
1862 2429 2094 2479 Vtcumque

244 2479 285 2518 id
302 2479 422 2521 fucrit
436 2505 448 2523 ‚
472 2478 697 2521 facultatem
713 2483 817 2522 illius
843 2484 963 2524 Dacis
979 2485 1126 2527 ademit
1147 2512 1159 2531 2
1183 2489 1388 2542 postquam
1403 2486 1512 2527 suum
1535 2487 1614 2542 ipse
1640 2488 1852 2528 exercitum
1867 2483 1916 2525 ad
1932 2483 2094 2525 alteram

245 2538 413 2576 {luminis
431 2538 552 2591 ripam
570 2539 796 2580 incolumen
814 2541 1039 2583 traduxisset
1052 2571 1062 2582 .

198 2606 273 2644 193
312 2595 413 2634 Daci
429 2608 508 2634 non
522 2596 711 2636 audentes
728 2599 936 2639 Traianum
954 2613 1074 2653 ponte
1091 2601 1300 2654 prohibere
1313 2628 1324 2646 ,
1351 2602 1399 2642 ad
1417 2616 1600 2643 montana
1616 2629 1627 2647 ,
1654 2602 1866 2642 draconum
1879 2598 2036 2654 propria
2047 2595 2093 2638 fi·

250 2664 324 2703 gna
345 2651 549 2706 sequentes
565 2679 577 2697 ³
594 2652 829 2708 confugiunt
843 2684 852 2694 .
881 2658 1047 2698 Romani
1060 2671 1189 2699 autem
1204 2661 1347 2701 milites
1361 2661 1516 2701 interim
1530 2686 1541 2705 ,
1557 2661 1715 2701 illorum
1730 2660 1770 2699 in
1781 2659 1942 2700 statione
1951 2656 2015 2699 vel
2028 2668 2093 2697 ca-

249 2710 330 2748 stris
353 2711 589 2750 munitiones
613 2724 802 2752 exurunt.

197 2777 277 2815 194
308 2768 495 2807 Traianus
510 2767 707 2820 Augustus
724 2768 816 2809 loco
833 2783 968 2812 natura
983 2772 1071 2813 satis
1084 2775 1235 2814 munito
1251 2774 1412 2815 castrum
1430 2776 1615 2817 construit
1630 2801 1642 2819 ³
1664 2776 1771 2829 ligna
1795 2772 1984 2815 militibus
1999 2769 2089 2824 qui-

249 2821 410 2862 busdam
423 2825 661 2865 caedentibus
672 2851 683 2870 ,
699 2829 738 2866 ὃς
755 2826 777 2866 ὲ
794 2827 899 2881 sylua
913 2832 1092 2883 proxima
1109 2834 1449 2884 comportantibus
1462 2859 1474 2878 ‚
1492 2831 1726 2888 quibusdam
1739 2832 1889 2887 lapides
1900 2856 1913 2876 2
1928 2829 2088 2880 alijsim

246 2880 429 2932 cophinis
447 2896 601 2922 arenam
620 2886 655 2923 ἃ
674 2884 821 2924 calcem
836 2884 956 2927 fabris
973 2890 1148 2939 murarijs
1164 2889 1463 2930 ministrantibus
1480 2917 1491 2935 ,
1507 2891 1653 2932 summa
1667 2891 1708 2930 in
1724 2903 1772 2929 eo
1789 2901 1909 2944 opere
1923 2888 2089 2940 diligen-

248 2938 301 2976 tia
313 2940 353 2977 ἃ
368 2938 566 2979 celeritate
577 2940 661 2980 vsus
679 2970 688 2979 .
716 2941 842 2982 Cauffi
863 2957 992 2984 autem
1010 2972 1022 2991 ,
1039 2959 1088 2986 ne
1099 2946 1227 2989 hostes
1240 2945 1261 2986 a
1274 2958 1385 2999 tergo
1398 2949 1655 3002 irruptionem
1671 2948 1845 3003 aliquam
1856 2945 1984 2988 facere
2006 2955 2092 2984 ten·
2139 2958 2143 2961 ·

244 3006 372 3034 tarent
382 3019 394 3038 ‚
407 3008 722 3039 commeatumue
738 3000 776 3039 in
793 3001 911 3041 castra
926 3003 1253 3057 comportandum
1269 3005 1502 3059 intercipere
1514 3036 1523 3045 .

196 3064 269 3101 195
309 3053 512 3091 Dacorum
530 3054 704 3106 Regulus
723 3057 864 3111 aliquis
881 3061 1091 3100 Traianum
1106 3060 1268 3115 supplex
1292 3061 1450 3107 adorat,
1475 3064 1663 3118 implorat
1677 3062 1922 3104 clementiam
1943 3057 2012 3113 ipfi
2027 3053 2088 3098 se.)

251 3109 400 3149 dedens
416 3135 429 3154 2
442 3109 691 3163 praesentibus
707 3113 900 3156 Praefeecis
916 3119 955 3157 &
970 3117 1155 3158 Tribunis
1170 3135 1177 3157 :
1193 3119 1298 3172 signa
1312 3120 1432 3160 astant
1442 3146 1454 3165 2
1466 3123 1768 3177 praetorianique
1779 3117 1937 3163 Caesaris
1948 3116 2094 3156 milites
2142 3126 2146 3146 ³

255 3167 503 3206 circumstant
519 3196 528 3205 .
550 3167 590 3207 A
604 3169 782 3210 Tribuno
795 3173 891 3213 vero
907 3174 1079 3227 Regulus
1097 3175 1259 3217 honoris
1272 3178 1396 3230 gratia
1410 3178 1618 3219 deducitur
1631 3207 1641 3217 .

203 3229 274 3270 195
308 3224 405 3265 Vasa
417 3224 548 3279 lignea
560 3226 992 3275 cii-culisfambientibus
1003 3257 1016 3279 2
1041 3245 1140 3289 quas
1156 3248 1302 3290 cuppas
1315 3248 1503 3280 vocamus
1515 3262 1527 3283 2
1552 3238 1686 3283 vinum
1699 3234 1963 3281 continentia,
1983 3247 2093 3287 corn-¹
2103 3257 2106 3261 .

1873 3305 2039 3342 meatus,
