2221 3512
217 187 236 225 5
253 192 266 205 2
306 178 466 217 smmum
485 170 666 213 Vi6t‹>riae
681 195 692 213 ‚
708 166 930 224 quoderat,
948 169 1060 219 virgo
1075 165 1175 205 alata
1190 177 1376 204 coronam
1392 163 1563 203 lauream
1582 175 1697 203 manu
1711 161 1919 216 porrigens
1936 187 1948 206 2
1961 162 2132 207 subiecto

246 207 392 273 ”Orbvis
409 231 533 271 “lobo
545 228 750 269 consistens
769 243 777 264 :
796 228 832 265 iu
852 228 1119 266 Romanorum
1139 224 1222 262 acie
1238 248 1248 265 ,
1266 221 1372 276 quasi
1390 221 1540 261 bouum
1552 225 1591 260 δέ
1607 219 1702 260 felix
1719 234 1837 260 omen
1852 246 1864 264 ‚
1877 221 1959 274 quo
1970 224 2137 264 alacrio-

272 305 332 331 res
351 267 557 344 prafliaturi
572 287 713 326 milites
728 284 986 324 redderentur
998 308 1009 326 ,
1026 282 1162 334 gestari
1179 279 1337 319 solitum
1351 310 1361 319 .
1395 278 1525 319 Caesar
1540 292 1578 328 3.
1597 279 1741 319 Ciuilis
1751 278 1868 324 Belli,
1882 279 2132 323 Herodianus

271 348 340 389 lib.
362 360 398 396 ς.
414 345 659 399 Lampridius
676 346 712 382 in
731 341 959 382 Alexandro
972 366 982 384 ,
994 339 1225 380 Ammianus
1241 338 1496 378 Marcellinus
1512 336 1581 376 lib.
1598 339 1664 376 28.

215 411 241 435 ἅ
303 408 398 444 sotto
411 407 455 444 vi
473 405 490 443 ἑ
503 404 529 442 il
540 399 675 455 veffillo
681 412 823 452 proprio
839 399 884 437 cle
896 397 1039 438 Solclati
1049 396 1073 434 d
1088 395 1232 436 cauallo
1244 409 1301 433 vn
1306 395 1452 449 picciolo
1468 394 1551 433 velo
1565 395 1709 448 quadro
1724 423 1735 433 .

221 478 271 516 54
305 466 410 503 Pons
428 461 526 501 alter
541 449 693 513 ligneus
708 484 719 501 ,
735 456 885 510 scaphis
903 482 914 499 ,
927 456 989 495 vel
1007 455 1159 508 cymbis
1177 452 1356 494 suffultus
1370 480 1382 498 ,
1400 467 1470 507 per
1483 466 1602 507 quem
1620 454 1766 494 milites
1782 454 1820 494 in
1833 454 2033 496 aduersam
2050 458 2134 499 Istri·

270 520 439 560 fluminis
459 520 580 572 ripam
598 516 634 556 se
654 516 739 555 tuto
763 513 971 554 conferant
991 529 999 552 ε
1017 514 1056 552 in
1073 511 1151 552 fine
1168 513 1278 553 cuius
1294 512 1493 554 Tribunus
1511 511 1704 557 consistit,
1716 511 1839 553 fimile
1851 539 1864 558 ,
1880 525 2001 568 atque
2014 516 2130 560 alter,

273 580 383 617 cuius
401 589 524 628 nuper
537 575 784 613 meminimus
799 598 810 617 ,
826 586 965 611 munus
984 583 1123 623 gerens
1139 599 1151 609 .

220 646 265 684 55
304 633 433 674 Nullo
451 634 623 686 tegmine
650 643 767 684 caput
785 628 925 670 velasse
944 631 1146 669 Romanos
1163 627 1308 670 milites
1326 655 1338 673 ‚
1367 627 1543 683 quandiu
1561 627 1602 666 in
1626 627 1756 667 castris
1780 629 2044 674 versarentur,
2065 630 2131 671 nist

269 691 381 746 galea
397 689 579 744 tantisper
607 714 618 733 ‚
632 690 724 728 dum
740 688 1005 742 praeliarentur
1021 711 1033 730 a
1051 698 1351 728 monumentum
1367 686 1446 726 hoc
1462 685 1709 739 antiquitatis
1722 698 1955 739 argumento
1969 687 2022 728 est
2037 713 2049 733 2
2067 687 2134 728 vbi

274 749 400 789 cuncti
415 747 579 788 detectis
596 745 790 799 capitibus
804 743 1043 785 inferuntur.
1362 771 1365 773 ,
2080 753 2084 760 ¹
2139 780 2142 782 v

223 814 273 858 56
304 806 428 847 Hasta:
440 832 452 852 ‚
464 804 607 859 spicula
627 804 704 843 lata
721 803 913 844 habentes
925 828 937 845 ,
955 815 1041 856 quae
1057 800 1219 842 ficilices
1234 800 1433 844 veteribus
1450 800 1683 841 dicebantur
1698 827 1710 845 ‚
1724 814 1767 843 vt
1782 802 1911 858 inquit
1926 802 2055 844 Festus
2067 829 2079 849 2
2094 805 2134 844 δε

276 864 421 906 Ennius
438 890 447 907 ,
464 863 611 902 Incedit
623 860 722 901 veles
734 860 849 913 vulgo
853 859 1049 911 steilicibus
1059 858 1146 899 latis
1160 889 1170 898 .
1691 872 1696 874 ¹

223 937 240 963 ς
252 938 273 974 7
308 922 493 963 Liticiues
512 920 573 960 seu
590 920 866 959 buccinatores
882 944 895 962 ,
912 918 1062 957 vtrouis
1078 919 1182 957 enim
1199 917 1321 957 modo
1335 916 1542 961 dicuntur,
1558 916 1679 957 lituos
1694 915 1758 957 seu
1771 919 1956 960 buccinas
1974 931 2134 973 por-tan-
2194 947 2199 952 .

224 965 234 974 ‘
279 993 337 1020 tes
354 1005 365 1023 ‚
382 979 631 1018 instrumenta
647 990 742 1016 caua
757 979 795 1017 δε
807 988 954 1016 retorta
970 989 1078 1029 ‚quae
1092 976 1132 1014 in
1147 973 1351 1029 semetipsa
1367 988 1467 1015 cereo
1484 975 1633 1016 circulo
1646 977 1875 1021 fleituntur,
1889 990 2059 1031 quorum
2072 976 2135 1018 so-

275 1039 358 1077 nitu
378 1036 528 1090 aliquid
545 1035 734 1075 exercitui
751 1033 1033 1076 nunciabatur,
1050 1032 1233 1088 aciesque
1250 1033 1521 1074 excitabantur
1535 1063 1545 1072 .
1589 1034 1696 1073 Nam
1712 1046 1785 1087 per
1810 1033 2034 1074 huiusmodi
2048 1048 2138 1076 cor-

275 1107 351 1134 nua
374 1097 412 1135 &
436 1093 551 1133 tubas
569 1119 581 1137 ,
596 1092 824 1132 indubitatis
841 1091 944 1132 sonis
960 1089 1137 1145 agnoscit
1153 1092 1346 1132 exercitus
1358 1117 1369 1135 2
1382 1103 1510 1135 vti-um
1523 1090 1641 1135 stare,
1656 1103 1724 1131 aut
1734 1092 1921 1145 progredi
1939 1117 1953 1136 2
1967 1105 2016 1132 an
2031 1092 2139 1132 certe
2191 1122 2196 1126 -

274 1151 429 1205 regredi
451 1163 638 1204 oporteat
656 1176 668 1194 2
686 1163 816 1190 vtrum
839 1148 1154 1204 longe-persequi
1169 1149 1366 1205 fugientes
1381 1175 1393 1193 ‚
1409 1163 1456 1190 an
1469 1149 1647 1204 receptui
1661 1162 1802 1189 canere
1817 1179 1827 1188 .
1857 1150 2137 1191 Buccinatores

275 1211 378 1249 enim
392 1213 430 1249 ἀ
445 1209 662 1249 cornicines
680 1220 955 1249 ornamentum
970 1218 1080 1246 erant
1097 1208 1219 1248 totius
1236 1208 1422 1261 legionis,
1439 1210 1478 1248 in
1491 1204 1658 1261 ingressu
1672 1209 1928 1253 conflidtuffi&
1942 1208 2024 1247 eius
2036 1208 2139 1248 redi-

275 1280 316 1308 tu
338 1296 348 1305 .
380 1265 589 1307 Classicum
609 1266 725 1305 etiam
741 1265 962 1318 appellatur
975 1290 986 1307 ‚
1002 1264 1114 1319 quod
1131 1265 1404 1308 buccinatores
1420 1278 1490 1320 per
1504 1279 1626 1306 cornu
1644 1265 1782 1306 dicunt
1799 1294 1809 1303 .
1840 1267 1892 1306 Et
1906 1266 2002 1321 quia
2017 1264 2138 1306 claffi-

280 1338 369 1365 cum
386 1324 539 1363 canitur
562 1324 803 1375 Imperatore
819 1322 1004 1375 praesente
1018 1347 1030 1365 ,
1058 1321 1120 1361 vel
1134 1321 1221 1362 clim
1246 1326 1286 1363 in
1309 1323 1475 1363 militem
1490 1323 1709 1376 capitaliter
1728 1322 2139 1374 animaduertebatur,

277 1383 370 1423 ideo
383 1380 532 1434 insigne
548 1379 779 1420 censebatur
795 1381 948 1434 imperii
966 1407 975 1417 .
1011 1377 1180 1419 Claffico
1190 1380 1381 1434 Virgilius
1398 1382 1523 1422 allusit
1536 1383 1576 1420 in
1591 1387 1629 1422 6.
1642 1394 1731 1423 cum
1746 1383 1801 1422 ait
1816 1410 1827 1420 .

561 1442 609 1478 Et
624 1437 711 1475 lituo
724 1449 867 1491 pugnas
881 1435 1028 1491 inspexi:
1043 1436 1165 1476 obibat
1179 1464 1192 1482 ,
1205 1439 1256 1486 (ἓν
1271 1435 1375 1487 hasta
1391 1467 1402 1477 .
1660 1490 1663 1491 ⁷

232 1500 281 1549 58
315 1494 595 1545 Lancearij,seu
611 1495 746 1535 hastati
757 1521 769 1538 ‚
790 1496 994 1550 stipatores
1012 1497 1190 1549 corporis
1203 1495 1360 1537 Traiani
1374 1497 1540 1552 Augusti
1557 1523 1569 1542 ,
1583 1497 1705 1538 hastas
1721 1497 1877 1552 longas,
1892 1498 2001 1538 aereis
2013 1497 2140 1553 cuspi-

281 1555 397 1595 dibus
412 1555 580 1593 munitas
598 1579 607 1596 ,
626 1553 819 1606 gestantes
837 1583 846 1591 .
1348 1558 1350 1562 “

227 1626 276 1662 59
309 1613 412 1665 Equi
427 1613 643 1665 primorum
660 1612 852 1651 exercitus
869 1610 1016 1651 ducum
1032 1611 1242 1652 Traianum
1255 1611 1476 1666 Augustum
1491 1613 1763 1654 comitantium
1774 1638 1787 1656 5
1803 1610 1826 1654 ὲ
1841 1612 2030 1655 militibus
2044 1613 2141 1654 tenti

280 1673 319 1711 δε
335 1667 512 1709 afferuati
527 1694 539 1712 2
557 1668 703 1723 quibus
722 1667 907 1722 ephippia
922 1668 985 1708 seu
1001 1669 1173 1721 tegmina
1194 1669 1243 1709 ad
1261 1670 1424 1710 mollem
1438 1672 1634 1710 vecturam
1649 1672 1803 1711 inerant
1818 1696 1830 1714 ‚
1847 1669 2002 1716 sericea,
2021 1674 2058 1711 &
2070 1683 2138 1711 aua

277 1740 343 1768 rea
354 1753 367 1771 ,
382 1738 634 1780 argentoque
649 1738 786 1767 ornata
799 1729 814 1770 ,'
825 1728 966 1767 Nonio
980 1726 1073 1767 teste
1085 1755 1093 1763 .
1123 1728 1253 1767 Fraena
1270 1727 1470 1769 habebant
1484 1730 1522 1769 ἃς
1538 1728 1710 1768 habenas
1725 1754 1737 1772 2
1754 1727 1899 1783 quibus
1914 1728 1963 1769 ab
1979 1729 2137 1783 equite,

279 1785 613 1838 gubernarentur,
630 1784 808 1838 phaleras
823 1797 1010 1838 praeterea
1025 1809 1037 1827 2
1067 1783 1203 1825 &lora
1218 1811 1230 1829 ‚
1245 1799 1332 1840 quae
1348 1787 1397 1827 ad
1412 1788 1547 1841 peetus
1565 1789 1602 1826 &
1622 1785 1752 1826 subter
1768 1786 1932 1827 caudam
1948 1788 2111 1828 inflexa.»
2123 1810 2141 1831 ²

278 1855 328 1883 ne
343 1842 573 1896 ephippium
594 1841 982 1885 excideret,anterius
997 1841 1060 1884 vel
1077 1841 1289 1882 retrorsum
1303 1838 1733 1888 laberetur2faciebant:
1749 1844 1991 1898 stapedarum
2007 1855 2139 1887 autem·

277 1899 528 1954 vsus2quibus
540 1900 684 1955 equitis
700 1899 822 1954 pedes
838 1899 1085 1944 fulcirentur,
1099 1900 1298 1941 veteribus
1311 1902 1465 1956 prorsus
1482 1903 1658 1955 ignotus,
1673 1902 1770 1943 ficut
1784 1902 1913 1942 statuae
1931 1901 2142 1957 equestres,

282 1958 431 1997 nummi
449 1957 656 2012 antiqui2&
676 1956 850 1998 vniuersa
865 1959 1064 1999 vetustatis
1078 1958 1486 2014 m‹)numenta‚aperte
1504 1960 1771 2001 demonstrant
1787 1988 1797 1998 .
1812 1959 2033 2001 Franciscus
2049 1959 2142 2006 Phi-⁶

280 2015 437 2068 lelphus
462 2016 609 2068 primus
638 2028 837 2055 recentem
867 2016 1031 2069 stapedae
1050 2016 1356 2070 appellationem
1376 2019 1621 2071 excogitauit
1635 2044 1647 2062 ‚
1679 2030 1728 2057 ne
1745 2030 1805 2057 res
1833 2030 1911 2057 tam
1939 2015 2141 2057 familiaris

280 2074 443 2125 proprio
464 2072 599 2127 aliquo
616 2074 776 2112 nomine
791 2072 1065 2114 destitueretur
1077 2100 1089 2118 ‚
1106 2087 1189 2128 quo
1203 2075 1350 2128 pedum
1365 2075 1488 2117 fulcra
1502 2102 1513 2121 ,
1529 2075 1594 2116 seu
1610 2075 1840 2116 fulcimenta
1854 2076 1893 2115 in
1909 2073 2140 2130 equitando,

283 2128 586 2180 ii-giiificai-emus
603 2157 614 2168 .
1641 2132 1645 2135 “

225 2190 250 2213 ⁴*
311 2187 430 2226 Simili
441 2186 993 2242 copertefichiamauanofizghi
1007 2215 1018 2233 a
1034 2189 1081 2233 ὠ
1097 2190 1130 2229 le
1143 2189 1229 2229 lune
1246 2189 1287 2229 al
1292 2200 1391 2242 petto
1406 2190 1533 2230 monili
1547 2189 1670 2230 lanati
1683 2190 1729 2229 de
1742 2190 1892 2230 Caualli
1903 2219 1913 2229 .

223 2250 276 2287 60
309 2244 474 2284 Brachia
490 2244 594 2285 nuda
606 2246 645 2285 in
659 2245 789 2286 castris
804 2246 898 2287 olim
917 2248 1060 2287 milites
1076 2249 1277 2288 Romanos
1295 2249 1495 2303 gestauiffe
1508 2274 1519 2292 ,
1538 2248 1701 2302 praesens
1716 2249 1794 2288 hoc
1812 2258 2140 2288 monumentum)

280 2302 440 2342 testatur
454 2331 462 2340 .
498 2305 630 2357 Qem
647 2316 795 2342 morem
816 2303 937 2343 hodie
952 2303 1158 2345 obseruant
1176 2308 1310 2346 Turcae
1328 2320 1417 2346 cum
1433 2306 1608 2347 hostibus
1623 2308 1855 2360 pugnaturi.

223 2366 272 2399 61
307 2359 518 2412 Suggestus
536 2360 597 2399 vel
613 2359 847 2412 suggestum,
864 2365 882 2412 ζ
897 2364 1046 2402 vtrouis
1065 2364 1167 2403 enim
1186 2363 1309 2403 modo
1327 2363 1428 2404 recte
1445 2364 1523 2404 dici
1550 2364 1702 2419 potest)
1715 2363 1826 2404 locus
1854 2362 1973 2403 fuerit
1993 2364 2142 2403 caeteris

279 2417 424 2458 editior
435 2443 447 2461 ,
464 2430 510 2456 ex
528 2417 728 2472 quadratis
742 2421 780 2458 &
794 2418 905 2460 seffis
922 2419 1120 2473 lapidibus
1137 2422 1375 2462 constructus
1389 2448 1401 2466 >
1414 2422 1440 2461 fi
1453 2423 1640 2475 temporis
1652 2425 1690 2462 δι
1704 2423 1862 2473 materie
1874 2422 1989 2475 copia
2002 2418 2142 2474 suppe-

278 2473 408 2518 tebat,
426 2474 528 2515 vnde
543 2476 768 2515 orationem
783 2477 833 2516 ad
854 2477 997 2517 milites
1012 2479 1276 2532 Imperatores
1291 2478 1420 2519 facere
1432 2505 1443 2524 ‚
1459 2480 1523 2520 vel
1539 2480 1636 2519 inibi
1653 2493 1742 2519 cum
1758 2479 1943 2519 Tribunis
1958 2504 1970 2522 ³
1985 2477 2046 2517 vel
2062 2479 2142 2531 pri·
2195 2508 2197 2511 .

279 2531 456 2572 moribus
479 2534 670 2572 exercitus
687 2533 870 2578 ducibus,
888 2535 938 2574 de
954 2535 1070 2581 rebus
1087 2536 1239 2577 bellicis
1257 2536 1473 2582 consulere,
1489 2538 1641 2593 aliquid
1653 2550 1701 2578 ve
1716 2537 1927 2579 decernere
1941 2534 2142 2581 solebant,

281 2589 392 2643 quod
407 2587 501 2630 esset
514 2591 985 2644 Imperatoria'maiestate
996 2593 1159 2647 dignum
1176 2623 1185 2631 .

226 2654 275 2690 62
307 2648 496 2687 Traianus
510 2647 709 2700 Augustus
724 2648 773 2687 de
790 2649 897 2689 bello
912 2650 1086 2692 hostibus
1098 2651 1224 2691 acrius
1240 2649 1447 2693 inferendo
1460 2678 1472 2698 ‚
1492 2664 1707 2708 pugnaque
1720 2666 1810 2693 eum
1823 2652 1912 2708 ipsis
1928 2652 2050 2707 quam
2064 2652 2144 2705 pri-

283 2703 388 2753 mum
402 2704 640 2745 conserenda
654 2719 742 2746 cum
759 2707 884 2746 Lucio
902 2707 1077 2759 Prefet‘to
1093 2709 1295 2762 legionum
1312 2711 1375 2750 vel
1390 2711 1556 2764 praetorij
1571 2711 1835 2767 decernit2qui
1848 2724 1981 2751 comes
1997 2713 2034 2750 &
2047 2723 2141 2763 prae-

283 2762 420 2813 cipuus
441 2762 626 2804 dssX7cum
644 2764 814 2803 Traiano
832 2765 1010 2817 Augusto
1025 2768 1064 2806 in
1078 2768 1150 2806 hac
1161 2765 1406 2820 profectione
1422 2767 1498 2808 fuit
1510 2797 1520 2806 .

229 2824 278 2871 63
315 2819 550 2859 Sacerdotes
566 2820 729 2860 consilio
754 2820 915 2862 Caesaris
929 2824 1007 2864 ritu
1024 2822 1204 2865 succincti
1221 2825 1380 2865 Gabino
1393 2825 1583 2867 intersunt
1604 2852 1616 2871 2
1634 2839 1673 2868 vt
1690 2827 1741 2866 de
1753 2824 1940 2867 sacrificio
1954 2823 2043 2875 Dijs
2056 2822 2141 2878 pla-

287 2876 421 2914 candis
437 2889 619 2929 ageretur
635 2904 646 2922 2
671 2891 882 2934 antequam
900 2894 989 2920 cum
1006 2881 1114 2922 hoste
1126 2896 1262 2922 manus
1280 2882 1530 2925 conserantur
1544 2912 1554 2922 .
1594 2886 1675 2941 Q
1691 2898 1778 2924 mos
1793 2882 1867 2924 fuit
1882 2882 2066 2924 Romanis
2079 2893 2143 2921 re-

286 2932 521 2985 ceptissimus
534 2960 546 2979 2
565 2933 585 2974 a
600 2935 786 2976 sacrificio
803 2940 841 2977 δε
857 2937 1004 2978 bellum
1021 2943 1061 2980 δε
1074 2952 1272 2981 certamen
1285 2939 1494 2995 auspicari,
1522 2942 1704 2998 nihilque
1717 2942 1881 2982 arduum
1898 2951 2033 2994 gerere
2045 2964 2059 2983 )
2073 2936 2142 2978 nifi
2179 2944 2184 2948 '

283 2989 324 3029 id
341 2990 446 3043 prius
462 2992 698 3043 praeceffiss'er
712 3023 722 3032 .
755 2995 1047 3037 Paludamentis
1060 3000 1415 3053 autem2purpureis
1427 3001 1559 3040 floccis
1573 3002 1785 3054 praetextis,
1796 2999 2028 3040 Sacerdotes
2043 2997 2144 3037 stan*

283 3060 341 3090 tes
360 3059 525 3087 Vtuntur
536 3073 547 3091 2
563 3050 814 3102 Imperatoris
829 3053 991 3094 consilio
1004 3053 1068 3095 seu
1084 3055 1246 3096 decreto
1259 3056 1484 3098 interfuturi
1498 3086 1508 3096 .

226 3111 280 3155 64
313 3106 468 3145 Securis
484 3118 579 3145 aerea
594 3131 605 3149 ,
622 3120 699 3159 qua
715 3111 870 3151 victima
888 3124 971 3152 erat
991 3110 1181 3159 ferienda,
1196 3112 1219 3155 :¹1
1236 3117 1358 3169 popa,
1373 3116 1436 3158 vel
1451 3116 1666 3158 Sacerdote
1681 3115 1901 3170 aliqumceu
1918 3112 2068 3167 infigne
2082 3123 2143 3152 re-

282 3162 440 3214 ligionis
454 3188 466 3206 ,
483 3165 521 3203 &c
538 3162 708 3213 sacrificij
727 3167 883 3207 iamiam
900 3168 1021 3210 futuri
1037 3169 1243 3215 indicium,
1257 3172 1402 3225 gestata
1420 3202 1431 3212 .

229 3224 273 3267 65
311 3220 474 3274 mugnis
492 3222 650 3262 Traiani
667 3221 728 3262 Au
735 3224 832 3277 gusti
851 3228 1016 3268 comitas
1032 3253 1043 3273 2
1063 3229 1135 3284 qui
1148 3229 1313 3272 Lucium
1329 3228 1518 3274 Praetorio
1534 3229 1760 3273 Praefeetum
1778 3242 1858 3273 non
1874 3226 1984 3273 secus
1999 3241 2147 3284 atqueae²

1942 3285 2088 3330 socium
