2221 3512
365 152 496 218 AD
564 152 1117 220 TABELLAM
1205 152 1545 226 ILIADIS
1727 185 1852 248 317

23 257 329 324 Sacerdos,
322 267 526 321 aduersus
541 270 936 334 Agamemnonem
954 276 998 317 δέ
1016 270 1198 314 Danaos
1213 297 1226 321 ‚
1243 265 1302 312 ob
1318 283 1412 317 non
1429 269 1639 327 redditam
1655 271 1729 321 fibi
1750 274 1956 344 Chrysei-

27 334 175 390 dem
194 337 348 398 filiam,
368 359 416 389 ea
430 341 715 423 imprecatur,
732 356 828 405 quae
848 343 1071 387 Homerus
1088 335 1164 382 hb.
1180 340 1214 383 Ι.
1226 336 1343 384 Iliad
1358 339 1461 390 vers
1450 357 1550 405 37
1566 343 1624 393 ita
1637 346 1838 419 recenset.

362 409 500 459 Κλῧθί
506 417 589 464 μόίι
607 407 878 473 ct'fywyroij
857 419 895 459 ὃς
917 408 1064 474 Χςύσην
1077 405 1365 464 αμφιὲέβηκας
1378 440 1394 467 ,

357 479 514 528 Ki'rmcu
530 501 575 526 τε
589 479 737 540 <oedem
754 510 766 534 3
788 479 970 527 ΤενεὮοιο
991 502 1035 526 ’τε
1049 476 1108 536 ἶφι
1121 475 1294 528 αὖαόᾱέις
1308 510 1324 536 ,

350 549 525 603 Σμινθευ
541 547 574 593 ἐι
589 572 686 598 ποτε
683 550 758 597 ’τοι
773 570 868 614 χαξι
860 549 938 596 ιἐντ
941 547 1029 595 ’Ha
1044 544 1272 634 νηξνὲξεῷα,
1287 577 1304 604 ,

362 626 402 667 H
419 639 446 664 et
443 618 519 670 Μ
531 641 628 666 ποτε
649 641 704 666 τοι
721 639 831 666 κατα,
851 618 963 666 πιόνσι
973 618 1072 682 μηρῖ
1080 614 1179 665 ἔκηα.

352 688 507 752 Ταύρων
524 721 538 744 ,
568 685 638 740 ηὲχ
640 711 756 747 α4γων
768 724 783 748 ,
801 689 900 737 τοῶε
914 711 981 745 μοι
997 688 1147 752 κρήηνον
1160 685 1354 753 &emme
1336 720 1350 744 ‚

343 758 449 807 Τιἰσε
444 780 497 805 ow
517 759 663 808 Διιινοιοι1
680 781 807 814 εμαο
791 760 899 823 Mna
882 780 953 806 ουοι
973 780 1073 809 σοισι
1095 756 1300 812 βεᾙλεοσιν
1329 794 1332 797 ,

340 828 466 880 Audi
481 850 543 881 me
558 850 787 897 argenteum
806 849 942 880 arcum
956 829 1099 878 habens
1115 859 1128 884 2
1148 836 1221 895 qui
1236 827 1434 896 Chryfhm
1448 840 1567 883 tueris
1586 869 1602 894 ,

343 906 381 950 C
385 901 579 972 illamque
594 899 720 950 valde
736 900 926 949 diuinam
943 931 958 957 ‚
975 899 1216 968 Tenedoq'ue
1224 899 1385 963 fimiter
1401 910 1561 971 imperas
1579 936 1594 961 ,

337 975 370 1020 S
374 969 552 1020 mintheu
568 971 633 1035 ‚st
645 969 800 1040 quando
817 970 890 1019 tibi
901 988 1070 1037 gratum
1087 973 1308 1034 Templum
1323 983 1513 1024 coronaui
1530 1006 1545 1032 ‚

24 1068 25 1071 ¹
344 1043 391 1091 V
394 1043 469 1088 el
433 1042 475 1107 s
487 1040 641 1111 quando
659 1060 689 1091 t
681 1040 733 1088 bi
748 1049 914 1108 pingues
929 1058 1047 1088 coxas
1070 1046 1248 1087 cremaui

13 1126 23 1158 ι’
342 1117 577 1161 Taurorum
592 1123 649 1164 (9⁴
666 1128 874 1178 caprarum
894 1143 906 1166 ‚
923 1109 988 1157 hoc
1005 1109 1106 1159 mibi
1115 1111 1255 1175 perfice
1272 1109 1526 1174 defiderium·

338 1180 528 1232 Pendant
539 1199 670 1247 poenas
687 1188 825 1231 Danai
842 1180 884 1228 ob
903 1199 1008 1228 meas
1027 1181 1228 1242 lacrymas
1246 1188 1326 1226 tuis
1337 1182 1429 1246 fingi
1433 1190 1527 1229 ttis.

22 1248 263 1316 Sequitur
276 1267 399 1298 num
419 1270 462 1301 2..
481 1253 626 1318 ipsum
656 1254 845 1318 templum
881 1252 1090 1313 Apollinis
1116 1247 1314 1299 Sminthei
1348 1258 1522 1299 IEPON
1552 1260 1933 1305 ΑΠΟΛΛΩΝΟΣ

58 1325 516 1376 ΣΜΙΝΘΕΩΣ,ειιίυ3
532 1326 727 1371 nominis
747 1337 930 1388 etymon
948 1318 1028 1367 <im
1045 1321 1124 1368 τών
1141 1318 1348 1374 σμινθων,’π
1362 1319 1804 1392 muribus,sC1licet,qui
1822 1335 1933 1377 Teu-

59 1411 130 1438 cris
119 1391 205 1446 mhi
221 1400 325 1442 circa
343 1398 591 1443 Amaxitum
612 1391 803 1458 oppidum
818 1412 841 1439 a
860 1389 1252 1455 Cretjprosefltsstt
1257 1409 1319 1436 ma
1340 1391 1600 1455 &vtenfilm
1617 1413 1666 1441 ex
1686 1407 1790 1446 corio
1805 1417 1928 1445 corro-

48 1461 217 1527 firunt,
245 1462 296 1511 d
281 1460 419 1513 ducit
436 1463 678 1510 Strabolib.
695 1466 811 1510 XIII.
848 1463 949 1509 Alia
975 1460 1122 1508 huius
1134 1461 1329 1509 nominis
1359 1464 1563 1528 Apollini
1586 1466 1739 1531 pariter
1756 1465 1932 1519 dicata*

13 1531 232 1582 delubra
247 1563 260 1586 ,
279 1548 494 1581 memorat
511 1533 628 1583 idern
647 1533 797 1580 Strabo
816 1533 887 1579 lib.
906 1538 961 1579 Χ.
979 1532 1160 1577 alterum
1175 1530 1307 1591 penes
1324 1535 1445 1582 Cori
1453 1535 1559 1581 liam
1575 1564 1588 1588 2
1607 1536 1735 1597 penes
1751 1537 1926 1585 Poeees.

53 1601 142 1652 sam
160 1604 371 1654 alterum
386 1603 648 1667 tertiumque
667 1606 711 1651 in
732 1603 913 1652 Tenedo
931 1600 1069 1655 Insula
1090 1597 1162 1646 lib.
1182 1604 1299 1650 XIII.
1317 1603 1555 1669 propagata
1577 1611 1592 1666 (
1612 1621 1659 1653 vt
1675 1606 1922 1671 credimus)

19 1712 22 1718 .
53 1691 103 1722 ex
120 1673 203 1721 hoc
219 1673 364 1720 nostro
378 1673 673 1739 superstitione
688 1706 699 1719 .

124 1749 171 1792 In
190 1743 363 1809 Chrysa
406 1746 632 1810 semplum
654 1744 736 1790 hoc
751 1743 897 1796 fuisse,
926 1741 1079 1808 probat
1098 1740 1300 1807 appulsus
1321 1742 1483 1808 Vlyffis
1505 1742 1556 1790 ad
1573 1744 1682 1792 hanc
1705 1746 1893 1797 Vrbem.,
1908 1779 1923 1803 ‚

50 1813 159 1864 dum
176 1813 463 1878 Chryseidem
493 1814 693 1862 reducem
723 1815 999 1861 comitaretur
1020 1811 1138 1861 Iliad·
1161 1818 1192 1861 1.
1212 1812 1314 1860 vers.
1330 1828 1363 1872 4
1371 1829 1446 1871 30.
1478 1817 1541 1861 At
1559 1814 1660 1862 cum
1687 1832 1779 1864 non
1800 1834 1923 1867 vna„

53 1887 181 1936 huius
210 1887 403 1933 nominis
432 1887 691 1951 reperiatur3
720 1886 867 1934 Vtrum
895 1885 939 1930 in
974 1882 1141 1948 Chrysa
1160 1882 1300 1932 Insula
1321 1884 1457 1948 prope
1484 1887 1732 1940 Lemnum,
1762 1886 1813 1933 de
1831 1887 1918 1952 qud

0 1958 21 1998 1
55 1952 314 2003 Pausanias
302 1974 346 2004 in
369 1955 523 2003 Arcad.
545 1954 618 2002 lib.
638 1959 756 2006 VIII.
775 1986 788 2010 ,
816 1971 870 2000 an
887 1955 932 2000 in
961 1952 1076 2003 Vrbe
1101 1954 1191 2018 agri
1211 1953 1545 2017 Adramytteni‚
1577 1956 1745 2018 Apollo
1771 1959 1920 2004 Smin-

18 2025 178 2076 theus
196 2026 335 2073 cultus
350 2026 506 2081 fuerit3
535 2025 704 2093 optime
720 2044 769 2074 ex
788 2024 998 2075 Strabone
1013 2024 1087 2069 lib
1104 2027 1223 2073 XIII.
1242 2022 1390 2069 dehac
1417 2024 1638 2088 posteriori
1657 2025 1918 2077 determinat

18 2098 143 2142 Leo
163 2096 347 2143 Allatius
363 2096 414 2143 de
444 2101 559 2144 Patr.
578 2101 759 2144 Homer.
775 2113 865 2161 eap-
885 2098 1005 2148 VIL,
1031 2092 1218 2154 Salmafij
1253 2108 1441 2140 effatum
1469 2095 1783 2159 reprehendens
1799 2127 1810 2149 ‚
1838 2100 1916 2161 qui

49 2164 266 2234 Chrysem
282 2169 510 2215 Lemniam
529 2197 542 2221 ‚
559 2183 650 2213 non
667 2167 857 2214 Insulam
872 2183 973 2213 cum
991 2162 1237 2213 Pausania
1219 2181 1241 2208 a
1259 2167 1430 2210 Lemno
1451 2162 1695 2213 distinctam
1718 2195 1731 2220 ³
1748 2165 1844 2212 sed
1833 2185 1913 2216 in.

17 2256 20 2262 ’
49 2237 219 2285 Lemno
232 2236 327 2303 ipso
343 2273 354 2293 ‚
372 2239 728 2300 promontorium
744 2253 877 2300 prope
897 2233 1157 2300 Ephaestiarn
1173 2234 1226 2282 sic
1239 2247 1447 2281 vocatum
1466 2263 1479 2288 ,
1496 2233 1574 2283 effe
1591 2234 1702 2282 dixit
1722 2252 1734 2291 3
1756 2253 1912 2300 quam-

48 2307 112 2354 uis
131 2323 209 2369 pro
229 2308 433 2355 Salmasio
452 2307 526 2354 stet
542 2310 821 2373 Epitornator
836 2305 1041 2371 Stephani
1058 2304 1110 2353 de
1132 2304 1317 2353 Vrbibus
1334 2305 1380 2352 in
1401 2320 1509 2352 voce
1523 2303 1700 2369 Chryse.

7 2391 17 2426 1
120 2375 300 2423 Accedit
314 2377 442 2437 Piinij
462 2378 701 2424 authoritas
720 2377 793 2423 lib.
811 2379 865 2423 V.
884 2393 976 2443 cap.
992 2381 1140 2425 XXX.
1158 2377 1278 2421 cuius
1293 2389 1507 2437 tempore,
1525 2374 1805 2425 Smintheum
1825 2374 1912 2424 hoe

16 2470 17 2473 ¹
45 2446 286 2510 Templum
303 2447 414 2493 inter
445 2448 525 2493 alia
544 2448 720 2493 litoralis
737 2447 864 2493 huius
883 2463 966 2493 orae
984 2443 1312 2512 Hellesponticae
1339 2445 1538 2492 locorum
1570 2444 1745 2501 rudera,
1772 2446 1909 2495 adhuc

43 2515 248 2565 durabat:
267 2516 465 2580 Itemque
483 2516 700 2565 Pausaniae
718 2516 792 2563 lib.
811 2523 866 2565 X.
884 2547 897 2570 ,
916 2515 988 2565 vbi
1005 2516 1273 2580 Herophilen
1292 2514 1522 2581 Sybillam,
1539 2514 1623 2563 fiue
1639 2516 1686 2562 ec‘i
1707 2518 1901 2573 Samia-3,

45 2586 132 2635 fiue
151 2587 358 2653 Erythrea
371 2585 499 2635 fuerit
515 2618 529 2642 ,
547 2588 771 2651 Apollinis
792 2586 1007 2636 Sminthei
1022 2586 1241 2634 AEdituam
1256 2616 1269 2640 ,
1285 2587 1330 2632 in
1350 2585 1517 2633 Troade
1536 2584 1748 2634 deceffisse
1763 2617 1777 2641 ,
1795 2605 1841 2634 ac
1859 2589 1905 2638 in

47 2656 265 2707 Sminthei
282 2657 382 2704 luco
399 2656 609 2723 sepultam
628 2672 768 2706 narrat
781 2690 792 2702 .
840 2656 910 2705 De
927 2657 1008 2706 hoc
1026 2656 1229 2704 Smintheo
1246 2676 1392 2702 nemore
1408 2657 1578 2703 mentio
1593 2655 1706 2703 estin
1725 2658 1903 2723 Stepha-

47 2730 108 2774 no
122 2727 175 2775 de
192 2728 382 2777 Vrbibus
398 2758 412 2782 ‚
442 2728 577 2775 relato
604 2743 750 2777 tamen
780 2728 989 2775 Strabone
1005 2759 1018 2782 ,
1055 2728 1128 2774 vbi
1161 2725 1387 2773 Pausanias
1403 2726 1557 2773 author
1571 2725 1659 2773 dari
1675 2726 1904 2785 debuerat,

6 2810 15 2832 ¹
48 2797 170 2863 quod
185 2803 526 2847 Commentator
542 2799 743 2847 Thomas
758 2798 809 2847 de
828 2796 995 2846 Pincdo
1012 2798 1193 2845 minime
1213 2796 1420 2843 aduertit.
1449 2799 1653 2863 Hyginus
1666 2796 1751 2845 fab.
1758 2802 1904 2849 CXX.

48 2868 236 2917 Insulam
257 2869 486 2918 Sminthen
502 2868 646 2917 nescio
666 2887 800 2936 quam
819 2868 984 2917 inducit
997 2900 1010 2922 ,
1027 2871 1070 2914 in
1091 2866 1175 2931 qua
1192 2868 1260 2913 hic
1274 2865 1390 2915 idern
1408 2866 1598 2932 Chryses
1614 2866 1902 2918 sacerdotium

48 2942 274 3019 Apollinis
291 2942 445 3006 gelsit:
466 2948 510 2988 Sc
528 2957 617 3002 cap
637 2938 834 3005 sequenti
849 2936 967 2987 addit
981 2969 994 2993 ‚
1011 2936 1236 3004 Chrysen
1226 2936 1443 2987 iuniorem
1461 2956 1509 2985 ex
1523 2936 1764 3004 Chryseide
1781 2931 1901 3005 Aga'-

45 3013 296 3058 memnonis
325 3009 494 3065 filium,
526 3010 668 3060 Oresti
695 3010 812 3057 tratri
841 3008 894 3056 ad
922 3006 1267 3076 interficiendum
1300 3007 1550 3059 Thoantem
1567 3009 1767 3059 Taurinae
1783 3023 1902 3058 terrae

41 3079 210 3145 Regem
226 3113 240 3137 ,
268 3081 383 3130 vnde
415 3095 537 3130 antea
557 3079 861 3128 simulachrum
882 3080 1040 3127 Dianae
1058 3080 1250 3126 fauricae
1265 3096 1365 3128 curn
1382 3078 1608 3145 Iphigenia
1623 3078 1901 3135 abstraxerat,

40 3154 202 3200 auxilio
217 3152 364 3202 fuiffe.
396 3154 593 3205 Plurima
610 3150 661 3216 de
681 3151 762 3199 hac
780 3150 950 3219 Sybilla
969 3151 1163 3216 congerit
1180 3153 1367 3200 Ioannes
1380 3149 1601 3219 Tristanus
1617 3181 1630 3207 ,
1643 3147 1901 3198 occasione..

1655 3219 1829 3266 nummi
