2221 3512
321 141 441 206 DE
485 135 691 202 CoL·
742 130 1167 197 TRAIANI
1216 131 1415 197 CAP·
1466 138 1548 199 V-
1729 165 1847 228 135

18 271 44 299 A
83 259 272 311 maxime
286 274 598 326 congruentem
610 270 779 322 reputo:
795 270 892 306 tum
910 272 958 307 vt
970 259 1015 303 in
1031 257 1079 306 ea*
1094 257 1311 321 remigum
1329 254 1356 302 s
1350 254 1525 304 ubsellia
1539 255 1790 322 infigantur:
1798 266 1933 327 (quo-

75 351 174 382 rum
189 348 334 382 tamen
355 332 514 396 aliqua,
526 326 556 375 fi
569 343 663 375 non
675 330 839 382 onmia,
853 327 1066 376 firmitatis
1081 327 1218 392 gratia
1235 326 1287 373 ab
1303 344 1393 375 vno
1411 328 1538 374 latere
1557 331 1701 376 Nauis
1724 330 1859 398 vsque
1877 333 1931 380 ad

73 403 189 452 aliud
201 404 413 471 pertinere
426 397 618 459 vellem)
638 411 732 446 tum
748 412 793 446 vt
807 397 948 459 spatio
964 398 1084 465 quod
1099 399 1210 447 inter
1222 397 1337 444 illius
1351 396 1528 448 dorsum
1559 405 1604 444 Sc
1634 400 1931 452 catastromad

73 476 260 541 aperitur
272 502 286 527 ,
313 469 387 535 ipfi
411 470 596 535 remiges
613 470 728 517 viam
747 468 796 515 ad
812 471 986 521 scamna
1001 469 1158 517 habere
1182 467 1376 535 poffent:
1396 484 1492 517 tum
1507 469 1639 517 etiam
1653 500 1667 525 ,
1685 486 1734 520 vt
1750 489 1881 538 aqua,
1896 473 1928 521 si

73 562 161 610 qua
173 542 348 606 desuper
362 539 559 604 superne,
575 539 642 588 vel
657 558 731 607 per
748 539 949 588 foriculas
963 557 1185 588 remorum
1204 537 1442 603 ingreditur
1457 570 1471 593 ,
1488 540 1587 587 imis
1610 539 1837 591 fenestellis
1852 542 1926 591 de·

73 617 208 663 fluens
220 645 232 667 ,
246 613 583 677 circumquaque
596 613 749 677 apertis
764 612 810 657 in
824 611 924 658 loco
937 615 973 660 E
990 614 1038 665 F,
1053 609 1127 658 vbi
1142 608 1309 657 testudo
1326 609 1444 656 lateri
1463 612 1607 658 Nauis
1621 613 1925 680 coniungitur,

3 690 26 719 ’Β
72 685 178 734 mari
194 683 431 733 restituatur
449 713 461 727 .

4 752 6 754 ’
71 748 76 753 ”
139 757 282 804 Liceat
299 766 441 799 autem
466 768 546 816 pro
572 750 792 798 fulciendo
820 751 1115 802 catastromate
1129 747 1359 814 aliquanto
1375 746 1398 794 εὶ
1419 747 1556 814 figura
1583 749 1728 799 Nauis
1747 753 1921 819 Borellij

4 846 7 863 ι
63 825 154 875 mei
184 821 372 872 recedere
388 852 402 877 ,
430 823 506 888 qui
532 821 710 869 mutulis
726 821 749 869 εὶ
765 822 893 869 latere
918 824 964 869 in
993 823 1229 888 obliquum
1254 819 1526 886 surgentibus
1552 820 1661 868 illud
1689 820 1921 872 sustentat:

63 897 163 961 Ego
190 895 310 942 enirn
332 893 448 944 scalis
467 891 575 939 illud
589 893 720 941 inniti
737 890 931 943 vellema
963 897 998 940 B
1019 894 1066 940 in
1093 893 1137 940 G
1153 922 1167 946 ,
1196 899 1239 938 &
1254 890 1276 937 a
1293 895 1334 939 C
1362 892 1409 937 in
1435 894 1476 938 Η
1506 890 1654 939 debito
1682 892 1914 941 interuallo

62 964 304 1033 dispositis,
322 981 421 1030 quae
439 966 567 1010 etiam
592 963 815 1010 tranfitum
834 962 1045 1012 militibus
1086 970 1129 1011 &
1161 964 1301 1009 nautis
1317 960 1426 1010 rosta
1442 959 1495 1007 ab
1510 977 1600 1009 vno
1628 960 1680 1008 ad
1695 961 1810 1010 aliud
1824 967 1920 1012 Na·-

62 1036 167 1102 uigij
185 1036 295 1083 latus
321 1033 569 1102 opportune
584 1032 863 1100 praebebunt,
889 1042 933 1082 Sc
958 1033 1165 1082 fabricam
1192 1034 1379 1080 omnino
1403 1033 1512 1079 bene
1527 1035 1799 1098 compacatam
1813 1027 1922 1086 con,

3 1114 31 1153 lc
63 1105 242 1157 stitucnt
257 1139 268 1151 .
590 1102 593 1103 ⁷

135 1179 237 1224 Haec
262 1176 320 1222 ita
345 1172 526 1224 firmiter
549 1178 800 1240 contignata
818 1176 986 1229 Nauis,
1012 1175 1059 1222 in
1075 1192 1127 1225 eo
1140 1173 1395 1223 nostratibus
1412 1190 1509 1238 quae
1526 1174 1654 1220 remis
1675 1189 1819 1223 carent
1838 1176 1918 1224 erit

63 1247 209 1314 primo
221 1245 365 1293 vtilior
378 1275 391 1299 ,
403 1245 523 1310 quod
538 1248 582 1293 in
601 1248 805 1312 malacijs,
820 1262 913 1294 non
927 1260 1058 1311 prout
1073 1246 1173 1300 illae,
1189 1243 1446 1300 immobilis,
1460 1244 1625 1309 scopuli
1647 1245 1695 1291 in
1708 1243 1913 1300 modum,

64 1315 328 1369 remanebit,
344 1332 419 1380 per
431 1315 574 1382 plures
600 1317 868 1384 quandoque
893 1315 984 1365 dies
1012 1315 1218 1382 Zephyros
1237 1332 1428 1363 morantes
1445 1320 1719 1380 increpitan53
1746 1314 1915 1363 Galaeas

64 1385 169 1449 vero
184 1386 374 1451 agilitate
389 1415 402 1440 ,
417 1400 466 1433 vt
482 1401 592 1452 puto
606 1418 620 1442 ,
637 1401 864 1454 tamquam
880 1387 963 1434 illis
981 1385 1174 1441 breuior,
1200 1383 1461 1451 (longitudo
1478 1382 1691 1450 siquidem
1709 1385 1919 1451 velocitaf

65 1459 97 1507 ti
110 1471 257 1505 motus
273 1456 517 1522 plurimum
540 1456 679 1506 obeffe
704 1457 908 1525 probauit
921 1455 1028 1521 saepe
1044 1454 1240 1503 laudatus
1255 1456 1502 1518 Borellius)
1529 1456 1641 1503 certe
1655 1453 1918 1508 Γεωῐίτειῑε...ι

0 1539 33 1572 ις)
64 1527 356 1593 nauigationis
383 1526 519 1592 longe
534 1525 774 1594 superabit:
799 1527 884 1577 vna
901 1528 1032 1575 etiam
1047 1527 1094 1573 in
1109 1545 1151 1574 re
1166 1525 1387 1589 Vtriusque
1411 1528 1580 1591 generis
1605 1526 1786 1592 Nauigij
1803 1525 1923 1591 dese-

61 1601 182 1647 &um
198 1596 420 1654 emendat,
435 1597 536 1646 cum
550 1597 708 1650 scilicet
721 1616 832 1665 opus
849 1598 907 1646 est
919 1597 972 1645 ad
984 1598 1217 1646 anchoram
1231 1597 1333 1646 stare
1346 1595 1547 1644 saeuiente
1559 1597 1718 1662 pelago
1732 1627 1746 1652 ,
1762 1605 1806 1646 ⁴&
1821 1601 1919 1644 Na-

61 1670 154 1717 uim
170 1666 367 1716 reducere
381 1666 473 1732 quo
490 1669 643 1720 fluctus
658 1677 701 1718 δε
717 1684 871 1716 ventus
885 1667 1059 1716 abducit
1071 1699 1085 1723 ,
1114 1683 1161 1715 vt
1187 1670 1334 1715 Mena:
1351 1664 1429 1714 vsu
1455 1669 1574 1717 venit
1587 1665 1701 1733 apud
1715 1667 1918 1714 Dionem

4 1758 5 1763 ¹
62 1737 138 1786 lib.
157 1739 361 1786 XLVIII.
375 1739 452 1803 qui
480 1738 565 1787 cnm
581 1736 1095 1807 tempestatempraeuidtffl‘t
1109 1770 1123 1795 ,
1153 1740 1296 1787 {Nauos
1324 1744 1365 1784 in
1380 1738 1513 1786 altum
1531 1734 1711 1785 deduxit
1727 1767 1743 1792 ,
1771 1735 1915 1784 ancho-

4 1808 5 1811 '
62 1807 197 1878 rtsq'ue
211 1806 430 1855 laxioribus
441 1838 456 1865 ,
474 1827 522 1855 ne
522 1807 654 1875 funes
668 1825 775 1857 mter
788 1806 1034 1857 tendendum
1050 1824 1332 1874 rumperentur
1345 1842 1359 1865 ‚
1381 1804 1486 1872 fixit
1500 1823 1514 1862 3
1539 1806 1654 1876 eoq‘ue
1667 1805 1781 1855 modo
1796 1824 1919 1855 vento

62 1881 206 1949 restitit
220 1908 233 1933 ,
248 1895 378 1944 quum
393 1896 518 1946 neque
520 1879 646 1944 funes
659 1879 742 1927 vlle·
757 1876 1078 1933 intenderentur,
1093 1879 1316 1944 &semper
1332 1875 1462 1925 eodem
1475 1883 1520 1924 in
1533 1879 1608 1927 loco
1620 1876 1697 1941 ipfi’
1712 1895 1801 1924 cum
1816 1880 1921 1932 Na-

0 1951 24 2000 Ιε
68 1946 184 1998 uibus
195 1946 409 2016 perfisteret
421 1978 437 2003 ,
456 1951 610 2004 Naues
624 1952 666 1997 in
680 1967 772 1996 eum
793 1950 919 1997 locum
932 1979 946 2003 ,
966 1946 1078 1996 vnde
1093 1968 1153 1996 eas
1167 1965 1317 1999 ventus
1328 1947 1560 2017 propuliffi’t
1573 1979 1589 2003 ,
1618 1944 1843 2011 remigando
1857 1966 1920 1992 re-

66 2017 212 2067 ducens
229 2039 240 2069 :
257 2033 337 2064 nec
351 2019 471 2067 enim
487 2018 633 2067 Galeae
649 2049 664 2073 ,
682 2018 885 2066 fluffibus
897 2020 1081 2084 impares
1097 2048 1111 2073 ,
1127 2017 1212 2067 hoc
1227 2019 1455 2064 eueniente
1470 2048 1484 2072 ,
1500 2016 1561 2064 ibi
1574 2014 1797 2066 consistere
1810 2033 1824 2071 3
1838 2032 1920 2063 nec:

59 2086 215 2137 nostrae
231 2092 383 2136 Naues
400 2119 415 2144 ,
439 2092 567 2136 remis
583 2088 789 2141 destitutae
802 2121 816 2144 ,
831 2088 973 2140 reduci
992 2088 1083 2136 vllo
1098 2092 1227 2154 padio
1241 2085 1475 2152 potuiffent
1491 2104 1504 2135 ;
1529 2095 1572 2133 &
1588 2084 1697 2134 illud
1710 2087 1757 2131 in
1772 2103 1816 2133 re
1831 2084 1920 2133 bel-

65 2158 146 2207 lica
163 2159 341 2206 maximi
359 2162 575 2209 momenti
589 2161 800 2222 peculiare
814 2159 992 2207 habebit
1005 2186 1019 2214 -,
1048 2156 1172 2224 quod
1192 2156 1351 2207 scilicet
1366 2160 1470 2204 mari
1489 2157 1620 2203 etiam
1634 2155 1827 2203 saeuienti
1839 2154 1921 2202 st.»

62 2230 336 2278 committere
351 2231 510 2295 poterit
523 2248 537 2287 3
552 2228 651 2277 cum
669 2231 691 2276 ὲ
707 2230 856 2280 contra
872 2259 886 2287 ,
914 2228 1066 2279 nostrae
1083 2233 1246 2296 Longae
1271 2232 1424 2278 Naues
1441 2259 1456 2286 ‚
1474 2227 1534 2276 ita
1557 2244 1674 2274 mare
1690 2228 1923 2291 pacarunt?

3 2315 5 2343 ς
63 2302 233 2366 exigant
247 2331 262 2357 ,
279 2314 328 2351 vt

0 2379 21 2421 ²3
547 2390 674 2438 quum
691 2368 843 2421 Alcedo
849 2371 984 2437 pullos
999 2368 1130 2417 educit
1136 2370 1227 2433 fiaos
1242 2386 1256 2424 3

67 2438 162 2505 quo
177 2437 254 2493 fit,
270 2454 318 2488 vt
333 2438 573 2489 occafiones
588 2444 647 2489 rei
672 2442 780 2491 bene
806 2439 1003 2507 gerendae
1030 2455 1076 2488 vt
1099 2437 1340 2505 plurimum
1366 2437 1618 2486 amittantur
1645 2454 1657 2483 :
1687 2434 1919 2502 &insuper

4 2516 5 2519 ’
67 2514 146 2574 (in
169 2527 261 2575 quo
287 2507 505 2557 summam
532 2511 771 2561 nostrarum
797 2513 1016 2560 rationum
1045 2510 1297 2569 clademus)
1329 2507 1600 2555 subductioni
1627 2506 1764 2553 facilis
1794 2509 1875 2554 erit
1903 2536 1919 2560 ,

4 2623 6 2626 .
67 2599 144 2647 per
158 2597 293 2645 quam
308 2611 323 2636 ,
338 2581 468 2628 etiam
482 2581 526 2627 in
539 2580 681 2631 hostili
698 2584 874 2651 regione
887 2614 901 2639 ,
917 2583 1118 2651 quamuis
1134 2595 1263 2649 portu
1278 2595 1494 2627 careamus
1507 2610 1521 2634 ,
1543 2577 1638 2625 tuto
1654 2574 1917 2624 consistere*

69 2651 284 2719 possimus
301 2684 312 2695 .

134 2721 362 2769 Breuiores
377 2722 574 2786 antiquas
588 2724 940 2788 anueremes
957 2723 1109 2772 nostris
1121 2722 1281 2770 Galaeis
1296 2719 1431 2776 suiffe,
1445 2718 1467 2766 a
1483 2718 1704 2784 posteriori
1720 2720 1741 2779 (
1751 2729 1798 2763 vt
1815 2733 1918 2763 cum

1 2807 37 2842 οῦ
63 2792 313 2841 ΒίειΙεᾶίεὶε
328 2792 504 2858 loquar)
525 2810 576 2839 ex
590 2792 667 2841 hac
686 2793 777 2858 ipsa
795 2792 1080 2842 subdufflone
1094 2792 1326 2859 probatur:
1344 2790 1421 2856 qui
1435 2791 1552 2837 enim
1568 2786 1669 2834 alias
1685 2783 1919 2852 potuiss'ent

72 2861 233 2911 nedum
245 2861 297 2910 ad
311 2862 412 2911 litus
431 2863 632 2929 prompte
645 2864 814 2922 attrahi,
830 2864 970 2928 (quod
987 2865 1265 2929 Galaeis,quae
1283 2861 1388 2910 adeo
1404 2857 1589 2926 depreffa
1603 2856 1763 2904 habent
1776 2858 1920 2910 latera,

73 2930 185 2981 facitu
199 2930 510 2982 difficillimum
525 2969 538 2992 ‚
554 2941 597 2982 δε
611 2935 768 2999 prolixi
787 2934 977 2999 plurium
993 2935 1160 2982 dierum
1187 2934 1328 2999 operis
1343 2963 1357 2986 ,
1385 2929 1460 2978 effe
1476 2929 1672 2978 videmus
1690 2931 1709 2989 )
1740 2926 1919 2977 verum„

5 3019 7 3044 1
75 3004 202 3051 etiam
218 3004 483 3070 quandoque
498 3003 636 3069 longo
648 3005 825 3053 terrestri
851 3006 1004 3053 itinere
1019 3004 1199 3052 isthmos
1216 3001 1504 3050 transmittere
1517 3036 1531 3060 ‚
1565 3001 1583 3063 (
1599 3013 1645 3047 vt
1659 3015 1750 3045 non
1766 2995 1919 3044 desunt

76 3074 152 3134 qui
165 3073 382 3141 dixerint>
407 3074 455 3125 ni
468 3076 679 3124 maiorem
705 3073 818 3124 hisce
847 3075 937 3142 alijs
961 3074 1263 3133 altitudinem,
1294 3073 1505 3123 breuitate
1528 3069 1679 3121 saltem
1712 3080 1919 3130 compen-

74 3140 218 3191 saffent
233 3145 250 3194 ἓ

1619 3209 1849 3256 Numerus
