2221 3512
259 123 371 201 ’τό
536 105 1169 186 RAPHAELI'S
1235 108 1778 195 FABRETTI

193 234 331 283 ‘tiente
349 231 500 280 Dione
524 226 600 275 lib.
616 230 727 278 LIII.
742 257 757 282 ‚
779 227 856 275 vbi
882 227 1020 293 ipsam
1036 229 1395 277 Praetorianorum
1419 228 1735 277 institutionem
1762 223 1815 272 ab
1830 216 2032 289 Augusto
2071 231 2104 264 Δ

195 302 356 356 saetam
370 298 423 347 fic
437 297 645 350 recenset,
673 313 762 344 tum
778 296 925 363 statim
939 296 1100 363 futuris
1126 297 1492 364 eiusstipatoribus,
1508 300 1823 364 qubaccuratiori
1848 291 2028 355 custodis}

198 379 395 421 nimirum
410 374 584 416 munitus
599 366 687 432 effit
700 397 715 423 ,
733 361 882 429 duplex
897 372 981 412 eius
1008 364 1111 432 quod
1133 366 1291 432 reliquis
1306 365 1498 415 militibus
1516 363 1760 433 pendebatur
1781 360 2028 430 stipendium

197 458 247 491 vt
261 439 446 492 daretur,
460 432 654 484 decretum
672 435 722 501 est
733 473 744 485 .
770 432 916 498 thue
931 434 1074 497 paucis
1092 452 1161 481 me
1178 434 1400 500 expediam
1412 465 1426 490 ,
1441 434 1546 482 adeo
1560 436 1680 501 parui
1694 431 1887 482 facienda
1903 430 2021 479 vide·=

193 509 352 563 turista
373 503 653 555 distinctionis
668 501 812 566 regula
834 519 911 565 pro
930 504 1198 550 Praetorianis
1223 503 1524 569 dignoscendis
1539 535 1552 558 ,
1580 505 1810 569 (quamuis
1825 501 2024 551 videam..÷

195 596 293 628 eam
316 575 563 640 amplexum
577 569 694 620 fuiffe
719 590 768 619 ex
796 574 957 618 Ioanne
974 572 1257 620 Antiocheno
1275 573 1523 622 salmasium
1545 577 1591 621 in
1614 578 1727 621 Not.
1751 571 1803 620 ad
1828 577 1960 638 Spart.
1977 571 2025 615 in

196 648 388 706 Seuero)
418 658 468 691 Vt
480 642 609 688 aliam
627 641 757 707 long&
775 639 982 689 diuersam
994 670 1009 695 ,
1037 649 1081 689 &
1097 641 1276 706 quidem
1304 644 1516 691 veriorem
1532 678 1545 702 ,
1573 644 1693 692 statui
1712 640 1826 708 posse
1840 657 1930 687 non
1947 638 2026 686 du-
2070 637 2097 689 B*

199 718 335 766 bitem
351 731 365 770 3
381 712 563 778 nempe,
592 726 743 758 omnes
763 711 947 758 omnino
963 711 1123 760 milites
1140 712 1255 759 illius
1278 713 1485 778 temporis
1500 743 1514 768 ,
1541 712 1694 779 gladijs
1712 710 1763 758 ad
1779 711 2022 758 dexteram..

198 785 365 851 accingi
385 781 538 831 solitos
553 811 567 835 ,
596 794 745 845 praeter
761 783 1065 844 Imperatorem
1079 809 1093 835 >
1121 783 1305 847 ‘Legatos
1320 811 1334 836 ‚
1351 790 1394 830 δε
1412 781 1654 836 Tribunos,
1673 782 1830 848 quibus
1848 795 2026 845 parazo-

197 858 323 905 nium
336 869 420 920 prae
435 850 644 916 dignitate
676 848 984 897 attribuebatur
998 878 1012 904 ,
1038 864 1086 897 vt
1100 849 1152 897 de
1168 849 1246 898 suo
1262 866 1442 916 quoque
1468 867 1562 898 aeuo
1589 850 1758 899 testatur
1784 850 1995 915 Polybius
2008 877 2025 902 ‚

193 923 280 974 ὐπὸ
299 939 385 972 cum
393 921 513 988 scuto
526 917 709 985 gladium
736 927 898 982 imperat
914 950 927 967 ‚
957 936 1069 984 quem
1084 918 1176 986 fert
1201 919 1256 967 ad
1269 916 1461 969 dextrum
1467 920 1641 988 fcinus-3
1672 918 1811 984 fic‘jue
1828 919 1850 965 a
1869 918 1952 967 basi
1970 914 2022 965 ad

192 993 376 1041 abacum
389 1006 554 1040 cernere
572 986 628 1035 est
641 1017 655 1041 ‚
682 986 815 1035 tribus
832 985 1001 1035 tantum
1016 987 1201 1054 demptis
1222 994 1241 1052 (
1255 989 1277 1035 ὲ
1294 990 1478 1054 quibus,
1506 988 1693 1038 duorum
1709 1007 1764 1036 ne
1792 987 1909 1035 enses
1926 987 2023 1052 qui-

192 1063 295 1111 dem
306 1092 316 1109 ,
334 1058 403 1108 sed
420 1058 544 1107 baltei
564 1055 841 1104 solummodo
856 1056 1207 1121 conspiciuntur)
1222 1060 1296 1122 qui
1313 1059 1510 1126 scalptori
1526 1062 1569 1105 in
1586 1057 1704 1106 tantt‘i
1722 1060 1898 1105 iconum
1915 1057 2027 1103 mul-
2062 1072 2092 1106 c

182 1129 378 1181 -titudine
389 1146 464 1195 per
475 1125 641 1193 lapsum
657 1125 798 1174 forsan
813 1125 1059 1174 exciderunt
1071 1145 1087 1182 z,
1100 1127 1183 1175 hoc
1194 1126 1252 1175 est
1266 1128 1573 1193 &segmentatis
1588 1145 1678 1176 vno
1694 1127 1771 1175 sub
1785 1144 1907 1176 num.
1919 1143 1930 1173 ι
1945 1126 2020 1185 83.

193 1217 328 1268 quem
344 1199 471 1248 nouis
487 1198 601 1263 typis
619 1197 820 1261 ignotum
832 1227 846 1251 ,
860 1195 997 1245 studio
1015 1199 1203 1245 veritatis
1220 1228 1234 1253 ,
1259 1198 1407 1246 nostrae
1421 1201 1620 1263 quamuis
1639 1196 1858 1246 sententiae
1873 1193 2022 1242 aduer-

179 1273 359 1320 -santem
371 1298 385 1324 ,
399 1265 697 1331 reponendum
713 1282 944 1314 monemus
956 1296 969 1319 ,
984 1282 1062 1328 pro
1079 1267 1166 1314 alio
1180 1283 1312 1331 quem
1327 1269 1617 1334 expungimus
1643 1266 1722 1314 sub
1736 1283 1862 1315 num.
1884 1282 1908 1312 2
1923 1282 1939 1314 1
1958 1283 2020 1321 it,

187 1355 241 1390 vt
265 1340 498 1388 Columnae
524 1334 797 1403 respondeat3
830 1335 1000 1385 duobus
1026 1334 1127 1383 vero
1145 1336 1167 1383 ὲ
1192 1338 1398 1392 loricatis,
1426 1336 1558 1385 altero
1572 1339 1619 1386 in
1645 1355 1737 1385 arce
1764 1354 1885 1383 num.
1911 1340 2017 1400 148.

194 1410 329 1458 altero
343 1425 463 1457 num.
487 1424 505 1458 1
516 1407 542 1456 8
554 1424 594 1454 2.
611 1421 801 1471 quorum
816 1406 1034 1470 posterior,
1046 1406 1123 1470 qui
1137 1405 1195 1453 est
1207 1403 1259 1454 ad
1273 1420 1403 1471 caput
1416 1408 1578 1472 pontis,
1592 1409 1737 1473 potuit
1749 1425 1799 1452 ex
1809 1407 2020 1469 dignitate

189 1480 292 1534 loci,
305 1487 348 1526 &
362 1495 412 1524 ex
426 1479 557 1543 panni
572 1475 686 1523 illius
701 1476 808 1522 circa
821 1476 984 1523 collum
1001 1490 1154 1524 ornatu
1169 1506 1182 1530 ,
1199 1480 1218 1538 (
1232 1475 1284 1524 de
1299 1493 1392 1542 quo
1409 1476 1513 1525 alitis
1526 1476 1748 1537 dicemus)
1766 1475 1843 1524 esse
1860 1474 2016 1523 Tribu-
2057 1486 2088 1520 ο

193 1566 275 1597 nus
287 1579 302 1604 ,
315 1554 360 1596 ὅ(
371 1547 426 1596 ad
441 1548 608 1600 laeuam,
625 1561 714 1592 non
729 1543 935 1610 gladium,
949 1543 1019 1592 sed
1031 1546 1314 1610 parazonium
1331 1546 1508 1610 gestare:
1526 1544 1852 1609 consonantque
1868 1561 2023 1592 omnes

188 1618 275 1668 siue
289 1616 519 1684 pedestres,
534 1615 618 1663 siue
636 1615 851 1678 equestres>
862 1615 1018 1662 milites
1035 1617 1175 1661 Arcus
1192 1617 1466 1663 Constantini
1480 1647 1495 1671 ,
1522 1616 1545 1663 ὲ
1560 1616 1709 1682 spoliis
1728 1617 2020 1664 Traianorum

188 1699 581 1737 monumentorum
606 1685 816 1732 maiori&
829 1684 999 1732 meliori
1012 1702 1062 1730 ex
1078 1698 1196 1749 parte
1209 1684 1465 1742 coxisti-uffi3
1490 1701 1540 1734 vt
1555 1688 1909 1734 Antoninian-am
1928 1687 2019 1731 Co-

189 1760 386 1806 lumnam
399 1786 414 1810 ,
439 1762 482 1803 &
504 1754 583 1802 alia
610 1750 824 1802 marmora
850 1754 1054 1802 omittam
1072 1785 1084 1798 .
1106 1758 1168 1801 Ita
1184 1769 1230 1802 vt
1256 1771 1347 1802 non
1374 1754 1571 1803 dubitem
1586 1786 1600 1809 ,
1629 1756 1870 1821 quominus
1887 1756 2018 1801 inter-

186 1825 327 1877 fuisset
342 1824 384 1873 id
398 1823 581 1872 eternam
595 1831 779 1886 ignorare,
793 1827 927 1888 quam
941 1822 1050 1870 hanc
1065 1824 1348 1872 Praetorianos
1362 1823 1641 1889 dignoscendi
1654 1830 1844 1889 regulam
1865 1821 2019 1871 edisce-

187 1915 260 1951 re,
277 1909 324 1944 vt
339 1892 563 1944 Salmasius
589 1890 745 1940 friuolzi
761 1892 959 1941 imantia
978 1894 1212 1948 exultauit3
1238 1893 1316 1940 nisi
1343 1892 1477 1942 dicere
1493 1895 1680 1942 velimus
1695 1925 1709 1948 ,
1740 1894 1838 1941 solis
1852 1899 2010 1941 Praeto-
2059 1887 2087 1936 εἷ

188 1967 317 2017 rianis
344 1965 432 2012 haec
460 1963 567 2010 bella
581 1961 789 2009 debellata
802 1993 816 2017 ,
844 1971 888 2010 Sc
914 1962 1070 2010 robora
1097 1962 1320 2027 legionum
1348 1961 1483 2011 otiosa
1509 1962 1742 2013 remansisse
1760 1981 1774 2019 3
1796 1980 1888 2027 quo
1902 1961 2013 2009 nihil

185 2036 346 2085 nouius
362 2042 403 2081 Sc
417 2031 664 2082 absurdius:
691 2035 755 2080 Ex
769 2033 1041 2082 institutione
1059 2033 1179 2080 enim
1198 2032 1398 2095 Augusti,
1419 2033 1471 2080 de
1488 2033 1575 2100 qud
1591 2035 1687 2081 Dio
1702 2034 1775 2080 lib.
1795 2036 1916 2087 LV„
1932 2027 2014 2079 vti

190 2110 418 2156 Praeroriani
434 2102 591 2168 stipcmt
615 2110 674 2154 <17⁴
689 2099 932 2168 custodiunt,
957 2099 1137 2169 domiq'ue
1152 2101 1581 2168 &stris-securitatem
1594 2103 1774 2169 praestant
1789 2134 1804 2157 ·,
1819 2107 1878 2148 ita
1896 2105 2012 2165 legio-

188 2178 291 2238 narij'
310 2170 470 2240 hostibus
497 2187 744 2237 opponuntur
759 2211 771 2223 ,
801 2173 898 2220 Scio
911 2170 1089 2237 quidem
1101 2173 1246 2236 paucis
1260 2186 1379 2219 antea
1395 2174 1517 2220 annis
1531 2171 1608 2220 sub
1623 2171 1882 2239 Vespasiano
1908 2168 2010 2218 alitis

186 2244 400 2293 seruatum
411 2272 426 2295 ι,
440 2240 615 2289 testante
630 2238 813 2306 Iosepho
826 2241 899 2289 lib.
924 2245 978 2291 11.
994 2240 1045 2289 de
1061 2240 1210 2290 Excid.
1230 2240 1383 2305 pedites
1399 2245 1616 2309 ‘utrimque
1623 2241 1808 2308 gladium
1826 2240 1981 2306 gestant
1999 2269 2014 2294 ‚

185 2316 389 2379 longiorem
403 2311 523 2359 illum
539 2307 700 2377 quidem
714 2308 766 2357 ad
786 2308 990 2380 sinistrum
1003 2311 1111 2358 latus
1125 2342 1140 2367 ,
1154 2329 1245 2357 nam
1259 2317 1329 2375 qui
1344 2309 1400 2359 ad
1415 2307 1604 2358 dextrum
1620 2312 1670 2376 est
1685 2345 1701 2369 ‚
1720 2312 1847 2375 palmi
1861 2309 2017 2373 mensu·
2062 2331 2085 2361 r·-

184 2401 273 2431 ram
289 2400 364 2428 mm
377 2378 519 2428 excedit
534 2398 546 2428 ε
561 2378 630 2426 sed
644 2378 752 2426 hanc
767 2378 1050 2428 diuersitatem
1065 2381 1242 2445 ipsamet
1255 2379 1480 2446 duplicitas
1493 2378 1619 2446 gladii
1637 2380 1832 2445 exigebat
1843 2409 1856 2432 ,
1869 2386 1913 2426 δέ
1926 2396 2017 2426 rem

185 2450 374 2500 omnino
389 2447 570 2504 variasse,
585 2461 748 2496 certum
774 2449 831 2497 est
843 2467 893 2497 ex
908 2449 1216 2514 Scriptoribus‚
1233 2457 1275 2498 δέ
1290 2466 1372 2497 nos
1388 2446 1530 2497 solum
1552 2448 1606 2496 de
1619 2450 1807 2498 Traiano
1830 2456 1873 2495 δε
1889 2447 2016 2496 huius

184 2521 423 2570 Columnae
439 2517 666 2572 militibus,
682 2518 751 2565 seu
769 2518 859 2581 alijs
878 2520 1055 2567 vnicum
1070 2518 1260 2584 gladium
1275 2517 1540 2584 gerentibus,
1554 2520 1814 2585 inquirimus
1827 2548 1841 2573 ,
1857 2534 1948 2564 non
1963 2517 2016 2564 de

187 2590 275 2637 alio
288 2602 483 2653 tempore
496 2617 511 2642 ‚
537 2587 677 2635 alioue
692 2602 910 2636 armaturae
925 2604 1103 2654 genere.

189 2651 193 2657 ⁸
257 2662 395 2723 Pergo
410 2687 424 2712 ,
440 2663 483 2705 δε
494 2655 547 2704 de
560 2656 642 2704 hoc
658 2658 835 2705 flumine
847 2688 861 2713 ‚
874 2656 995 2723 quod
1010 2674 1087 2720 pro
1102 2658 1254 2707 Drauo
1268 2656 1504 2704 constanter
1515 2656 1755 2723 agnoscunt
1767 2688 1781 2712 ,
1808 2653 2011 2720 interpeL

185 2728 258 2784 103
275 2727 471 2792 quisnam
488 2729 675 2791 aperuit,
703 2725 823 2790 quod
847 2729 957 2774 inter
983 2741 1050 2774 tot
1065 2727 1236 2779 fluuios,
1255 2725 1412 2789 quibus
1437 2727 1499 2773 vti
1514 2756 1528 2780 ,
1543 2735 1712 2793 &quos
1727 2723 2008 2792 pertransirem
2045 2745 2076 2774 G

187 2797 429 2847 Traianum
460 2793 655 2858 possibile
676 2794 785 2850 fuit,
813 2795 982 2844 nonnisi
999 2796 1113 2844 hunc
1129 2799 1330 2842 Drauum
1345 2803 1388 2842 &
1403 2795 1625 2844 Tibiscum
1642 2796 1768 2846 nobis
1784 2792 2007 2842 monstrari

187 2865 440 2917 videamus}
474 2863 551 2912 Ast
569 2864 635 2929 ali,
651 2895 666 2918 ,
694 2867 903 2929 inquam,
934 2864 1186 2913 melioribus
1210 2863 1500 2912 fundamentis
1525 2867 1690 2920 innixi,
1712 2864 1878 2916 dicent,
1903 2879 2008 2926 prae-

186 2935 458 3003 parationem
483 2933 610 2980 huius
638 2935 920 3000 expeditionis
946 2933 1181 2999 proceffiise
1205 2950 1296 2980 non
1324 2934 1347 2979 a
1365 2938 1518 2981 Drauo
1531 2967 1544 2990 ‚
1574 2934 1645 2982 sed
1669 2933 1692 2981 a
1722 2938 1836 2981 Sauo
1848 2949 1977 2978 amne
1993 2950 2006 2987 3

185 3004 348 3054 etenim
364 3018 493 3067 prope
507 3001 623 3049 hunc
647 3005 692 3050 in
709 3004 822 3054 Vrbe
846 3003 1051 3069 Segestica
1064 3002 1230 3052 classem
1243 3002 1486 3051 instrutiiam
1510 3003 1563 3051 ad
1579 3003 1739 3052 bellum
1758 3016 1904 3050 contra
1921 3000 2009 3048 eos-

185 3075 288 3125 dem
303 3077 451 3121 Dacos
470 3070 522 3117 ab
537 3073 734 3137 Augusto
751 3071 1013 3130 Caesarc‚1oci
1028 3073 1349 3142 opportunitate
1363 3073 1780 3142 allec}00reperimus3
1793 3069 2005 3186 fuesstque

1881 3184 1884 3185 γ
1903 3158 1938 3186 ic
