2221 3512
382 201 502 244 102
632 171 1267 241 RAPHAELIS
1334 161 1877 230 FABRETTI

294 309 383 339 non
399 292 486 337 iarn
501 288 787 338 Pontificibus
817 301 889 334 aut
905 285 1201 333 Sacerdotibus
1217 315 1230 339 ,
1256 283 1326 331 sed
1343 285 1392 342 ijs
1417 285 1528 345 QI
1551 279 1869 329 PRIVATIM
1893 279 2130 329 VELINT
2162 305 2189 336 A

291 364 580 409 MANIBVS
609 362 739 406 EIVS
767 359 1053 404 INFERIAS
1083 353 1366 403 MITTERE
1392 352 1661 417 iniungitur3
1685 350 1727 397 id
1742 347 1861 414 quod
1875 346 2016 394 nescio
2029 350 2116 414 quz'i

292 433 456 477 ratione
474 429 524 476 ad
555 419 933 476 DVVMVIROS
955 442 1051 488 pag.
1068 441 1186 488 407.
1218 424 1263 469 in
1281 422 1576 485 Explicatione
1597 421 1825 468 restrhstum
1842 418 1995 471 fuerit,
2011 417 2117 466 dum

290 516 337 547 vt
353 499 453 546 alibi
470 500 550 544 toti
567 497 764 543 exercitui
782 525 795 548 ,
814 496 871 540 ita
886 493 954 539 hic
970 495 1130 540 cunctis
1152 492 1174 537 ἐ
1188 492 1354 556 populo
1367 486 1728 556 vsurpari'licuiss‘e
1743 493 1952 536 Cinctum
1968 486 2119 538 istum..

291 568 519 616 Gabinum
535 565 719 630 probare
735 564 938 612 volumus
957 593 968 616 ,
993 579 1071 608 nec
1086 560 1264 608 demum
1280 561 1326 606 in
1342 560 1550 608 sacricolis
1577 561 1707 608 nostri
1720 575 1841 606 num.
1863 558 1942 608 68-
1960 555 2124 623 expres-

294 641 406 690 sum,
421 649 494 682 aut
509 634 606 700 ipsis
620 632 789 681 tantum
803 631 1043 680 conuenisse
1056 629 1358 678 contendimus
1370 662 1382 674 .

274 722 278 725 ·
334 735 336 737 v
358 705 529 753 Album
557 704 712 764 adijcio
730 703 938 749 calculum
955 701 1155 766 opinioni
1183 701 1416 764 (quamuis
1434 699 1640 759 nutanti)
1664 695 1782 763 quod
1795 695 2124 747 simulachrumj,
2166 716 2189 746 ι

289 775 396 825 illud
415 793 537 825 num.
559 793 575 824 1
587 777 664 823 62.
694 775 883 820 numinis
901 774 944 817 in
963 770 1144 817 modum
1165 770 1412 817 velamento
1427 771 1533 816 circa
1549 781 1676 829 caput
1690 766 1874 831 expanso
1888 798 1901 822 ,
1923 768 2120 815 Dianam

291 845 464 903 referat3
486 841 747 904 eandemque
764 844 916 888 iterum
942 838 1225 904 repraesentari
1239 855 1358 885 num.
1381 856 1400 898 3
1420 858 1438 888 1
1451 843 1493 886 S.
1509 869 1523 889 ,
1537 855 1627 885 non
1642 851 1786 883 autem
1810 839 1978 891 Solem,
1995 852 2043 885 vt
2057 836 2119 883 ibi

292 929 482 970 notatur,
498 916 765 978 plerumque,
778 926 905 975 prout
927 913 971 956 in
989 926 1173 958 nummo
1188 907 1405 956 huiusmet
1416 909 1589 955 Traiani
1608 905 1774 970 3.apud
1787 907 2092 971 Angelonium
2103 942 2116 965 ,

295 983 461 1033 nudum
482 981 629 1045 effingi
644 982 815 1027 solitum
834 998 844 1025 ι
877 980 1027 1027 Cultui
1045 980 1162 1026 enim
1179 978 1303 1025 huius
1319 979 1510 1024 numinis
1525 976 1742 1023 addiCtum
1757 977 1993 1023 Traianum
2009 975 2123 1023 vide-

291 1071 390 1102 mus
408 1056 452 1099 in
468 1069 681 1100 marmore
696 1054 834 1097 Arcus
850 1049 1138 1101 Constantini,
1155 1051 1172 1113 (
1189 1050 1308 1094 cuius
1322 1051 1532 1094 maiorem
1543 1078 1557 1101 ,
1569 1044 1879 1108 melioremque
1893 1060 2057 1109 partem
2071 1044 2122 1092 ad

284 1124 530 1172 Traianum
548 1119 815 1184 pertinuisse,
840 1119 1116 1165 notiffimum
1145 1117 1232 1178 est)
1267 1119 1312 1163 in
1338 1135 1429 1182 quo
1447 1118 1597 1163 Dianae
1625 1114 1877 1161 sacrificium
1894 1114 2123 1170 instaurat,
2162 1130 2189 1160 c

295 1206 504 1257 tanquam
532 1191 777 1237 venationis
802 1188 1149 1241 studiosiffimuS,
1175 1188 1348 1251 qualem
1376 1204 1476 1233 eum
1500 1186 1670 1234 testatur
1699 1185 1864 1231 Plinius
1891 1186 1936 1230 in
1964 1189 2123 1250 Paneg.

291 1280 416 1313 num.
433 1277 549 1327 940.
580 1262 731 1306 Potuit
748 1260 878 1323 igitur
890 1256 1080 1323 primum
1098 1258 1252 1303 Dianae
1280 1255 1366 1303 suae
1383 1270 1481 1303 vota
1508 1273 1586 1320 pro
1603 1253 1781 1301 viatoria
1798 1253 2060 1319 concepisse3
2081 1263 2124 1302 ὃς

295 1332 474 1379 demum
489 1330 714 1394 postquam
729 1328 986 1375 debellatum
1002 1327 1137 1372 fuerat
1149 1356 1163 1379 ,
1182 1327 1408 1374 victoriam
1435 1325 1495 1371 illi
1510 1339 1727 1389 acceptam
1745 1323 1893 1371 referre
1911 1342 1922 1373 :
1949 1323 1991 1370 id
2006 1322 2126 1389 quod

297 1400 444 1448 artifex
465 1414 643 1463 Vtraque
663 1399 928 1463 exprcffione
946 1396 1181 1461 designauit
1194 1427 1205 1438 .

365 1468 672 1518 Difficiliorem
686 1467 822 1515 modo
837 1468 1118 1531 quaestionem
1134 1465 1370 1530 aggredior,
1384 1463 1435 1509 de
1452 1462 1691 1529 TrophaeiS,
1711 1464 1913 1518 hactenus
1927 1481 2005 1527 pro
2024 1464 2123 1511 Ma-'

291 1541 421 1589 rianis
437 1538 590 1586 habitis
607 1569 621 1592 ,
650 1546 692 1586 &
709 1539 730 1583 ὰ
750 1538 987 1585 Neoterico
1001 1534 1074 1581 fol.
1098 1553 1112 1581 1
1131 1537 1199 1584 18-
1216 1543 1259 1582 Sc
1284 1552 1300 1583 1
1319 1552 1393 1601 19.
1410 1537 1454 1580 in
1473 1536 1643 1582 Traiani
1661 1535 1874 1581 honorem
1897 1532 2098 1580 deriuatis
2112 1564 2124 1576 .
2162 1548 2195 1579 1>

293 1615 565 1673 Argumenta
592 1624 694 1670 ergo
715 1605 840 1669 ipfius
867 1605 1012 1669 primo
1039 1605 1335 1651 examinemus
1365 1635 1379 1656 -,
1406 1611 1450 1664 Sc
1475 1603 1627 1651 deinde
1653 1606 1837 1651 aliorum
1866 1603 2125 1652 authorurrL,

291 1681 562 1742 opinionem,
574 1694 620 1722 ac
634 1676 791 1740 Populi
807 1676 1000 1723 Romani
1016 1689 1168 1721 vocem
1186 1682 1228 1720 ὃ(
1245 1671 1431 1718 consens
1426 1674 1698 1736 um,publicis
1715 1676 2008 1720 monumentis
2023 1689 2126 1718 con-

293 1748 491 1795 testatum
510 1777 523 1800 a
554 1745 782 1793 substinere
798 1775 812 1798 ,
841 1744 925 1791 &fi
942 1761 1051 1808 opus
1070 1742 1441 1789 fuerit‘substruere
1468 1760 1703 1797 conemur3
1731 1743 1798 1791 vel
1814 1741 1988 1799 saltem,
2003 1760 2093 1787 rem
2108 1772 2124 1797 ,
2187 1744 2192 1749 ’

294 1832 342 1865 vt
355 1835 448 1864 non
465 1816 588 1880 pauci
605 1814 819 1868 fecerunt,
847 1816 955 1861 inter
970 1829 1080 1878 quos
1098 1818 1145 1861 P.
1168 1816 1366 1857 Donatus
1383 1811 1456 1861 lib.
1480 1816 1656 1876 HI.cap.
1674 1818 1729 1858 X.
1747 1811 1798 1859 de
1812 1812 1928 1860 Vrbe
1947 1810 2094 1860 Roma
2108 1841 2124 1866 ‚

290 1887 336 1933 in
353 1886 544 1933 medium
573 1886 866 1949 relinqua-mus
885 1915 895 1926 .
929 1885 1008 1930 Ait
1035 1883 1293 1929 Neotericus
1309 1915 1322 1937 ‚
1350 1881 1449 1926 ideo
1475 1881 1515 1927 se
1543 1881 1732 1929 arbitrari
1759 1884 1846 1928 haec
1875 1881 2125 1945 Trophaea...

291 1957 466 2003 Traiani
494 1953 610 2001 fuisse
625 1984 639 2007 ,
668 1957 765 2018 quia
796 1954 1005 1999 collocata
1030 1952 1198 1998 fuerant
1227 1950 1278 1996 ad
1298 1966 1499 1998 ornatum
1527 1951 1697 1997 Castelli
1711 1954 1855 2015 Aquae
1876 1952 2044 1998 Marciae
2069 1951 2123 1997 ab
2169 1942 2195 1994 ὲ

289 2025 441 2072 eodem
457 2027 715 2087 Imperatore
739 2022 1003 2069 restitutae&
1020 2024 1150 2068 aucrae
1165 2051 1179 2075 2
1206 2019 1438 2084 testemque
1457 2019 1626 2066 adducit
1643 2023 1905 2067 Frontinum
1920 2024 1964 2066 in
1980 2021 2054 2065 lib.
2068 2019 2123 2067 de

291 2093 478 2158 Aquaed.
498 2091 577 2140 Sed
593 2092 769 2156 probare
783 2108 891 2155 opus
907 2090 1252 2145 effet,Castellum
1270 2089 1409 2153 ipsum
1428 2089 1543 2137 fuiffe
1559 2090 1580 2136 ci
1599 2092 1785 2136 Traiano
1800 2091 2031 2137 excitatum
2056 2089 2130 2137 velv

288 2177 544 2211 exornatum
560 2180 574 2217 3
589 2178 690 2208 nam
707 2163 939 2208 frontinus
958 2159 1069 2207 testis
1083 2161 1236 2205 citatus
1253 2189 1265 2213 ,
1280 2160 1457 2224 negabit
1470 2159 1510 2206 se
1525 2160 1607 2206 hoc
1623 2157 1765 2207 dixiffe
1779 2191 1792 2214 ,
1808 2160 1882 2206 nisi
1901 2158 2126 2206 hebetibus

289 2232 476 2286 auribus,
488 2240 531 2280 &
544 2229 668 2278 surda
682 2245 827 2280 mente
844 2231 1072 2294 excipiatur
1085 2247 1097 2284 3
1113 2243 1156 2276 at
1169 2227 1311 2276 solum
1325 2247 1445 2276 num.
1465 2244 1542 2291 74.
1561 2229 1715 2276 Indicis
1733 2233 1800 2277 M.
1821 2234 1860 2276 S.
1875 2230 2125 2293 marginalis

290 2303 460 2352 Mi-llini
475 2332 490 2356 ,
516 2319 608 2349 non
623 2303 708 2348 iam
721 2318 804 2366 ope
817 2300 944 2366 ipsius
959 2330 973 2355 ,
991 2297 1060 2346 sed
1075 2298 1221 2365 potius
1247 2301 1407 2346 Neruae
1419 2329 1432 2352 ,
1450 2300 1661 2345 Marciam
1677 2299 1698 2344 ἐι
1713 2299 1861 2346 Coelio
1876 2313 2029 2345 monte
2043 2299 2124 2345 ΞΠ.»

294 2373 572 2419 Auentinum
586 2369 722 2436 Vsque
736 2369 982 2437 perductam
995 2400 1009 2425 ,
1032 2367 1103 2415 seu
1121 2368 1264 2415 verius
1283 2367 1483 2416 redditam
1498 2365 1630 2421 fuisse,
1645 2382 1692 2415 vt
1708 2367 1766 2415 ibi
1783 2367 1939 2414 dicitur
1952 2400 1965 2423 ,
1981 2376 2024 2415 Sc
2038 2369 2126 2414 eui-
2174 2379 2196 2408 F

287 2441 588 2490 dentiffimum
605 2439 651 2487 fit
668 2458 846 2505 quoque
870 2458 919 2487 ex
934 2437 1220 2503 superioribus
1237 2456 1250 2493 3
1269 2446 1311 2484 Sc
1326 2436 1538 2501 signanter
1552 2454 1674 2485 num.
1694 2450 1771 2499 63.
1795 2437 1955 2485 disertis
1985 2437 2128 2484 verbis

293 2513 353 2558 ait
365 2545 379 2569 ,
402 2511 575 2559 Coelium
588 2519 645 2561 (9⁴
661 2513 917 2558 Auentinum
935 2544 948 2566 ‚
966 2506 1074 2574 prinis
1092 2510 1215 2573 qudm
1241 2505 1417 2554 Claudia
1441 2506 1728 2571 perduceretur
1744 2539 1758 2563 ,
1790 2506 1909 2572 quod
1939 2507 2056 2554 idem
2071 2507 2133 2555 est

287 2595 416 2645 atque
433 2595 530 2627 ante
547 2580 781 2627 Traianum
794 2580 991 2645 genitum
1008 2608 1021 2634 ,
1038 2593 1091 2623 ne
1105 2575 1245 2623 dicam
1264 2590 1361 2623 ante
1374 2575 1623 2641 adoptatum
1639 2576 1662 2624 a
1676 2578 1845 2633 Nerua,
1862 2581 2050 2631 Marcids
2068 2590 2128 2628 ω·

288 2652 402 2700 Iulii
418 2650 503 2715 vsss
517 2686 530 2700 .

363 2723 423 2766 Vt
438 2734 583 2765 tamen
609 2718 652 2766 id
668 2717 709 2765 se
724 2717 850 2765 nobis
879 2717 1060 2783 probare
1085 2735 1280 2783 vnquam
1297 2715 1412 2780 poffe
1439 2718 1640 2764 animum
1656 2716 1937 2781 despondeat3
1953 2733 2126 2764 aurem..

291 2787 354 2834 illi
372 2787 579 2834 vellamus
592 2819 606 2843 ‚
621 2797 663 2836 &
677 2806 766 2836 rem
782 2818 796 2843 ,
812 2787 886 2834 fibi
901 2804 1064 2835 nouam
1080 2788 1257 2853 quidem
1272 2816 1285 2840 ,
1303 2785 1374 2832 sed
1389 2786 1663 2834 certissimam
1680 2802 1946 2853 regeramus,
1964 2785 2124 2832 Castel-
2166 2804 2196 2836 G

288 2856 382 2903 lum
396 2874 550 2921 nempe
564 2857 669 2904 illud
687 2874 778 2904 non
793 2856 973 2922 potuisse
990 2860 1161 2905 Marciae
1178 2856 1376 2904 inseruire
1391 2885 1404 2909 ,
1418 2860 1483 2902 cui
1490 2873 1537 2902 us
1549 2856 1699 2905 libram
1714 2858 1824 2905 vltra
1839 2861 1924 2902 XX
1933 2861 1983 2901 V.
2002 2853 2129 2919 pedes

289 2925 481 2990 superare
498 2925 760 2989 dignoscitur
775 2959 787 2970 .
821 2930 919 2991 Hoc
935 2940 982 2974 vt
997 2926 1138 2992 palam
1153 2925 1224 2973 fiat
1237 2957 1250 2980 ‚
1266 2923 1502 2972 subiectum
1528 2925 1697 2974 schema
1711 2926 1915 2973 omnium
1931 2926 2127 2989 quinque

289 3000 519 3059 Aquarum
537 3012 631 3058 quae
656 2994 815 3060 duplici
833 3012 958 3059 opere
975 3011 1147 3048 arcuato
1171 2995 1223 3043 ad
1244 2995 1405 3044 Vrbem
1421 2994 1758 3060 perducebantur
1771 3027 1785 3050 ,
1814 3008 1944 3061 prout
1959 2993 2127 3042 hodie-i

288 3064 401 3129 apud
416 3069 589 3112 Portam
605 3081 736 3127 quam
754 3067 967 3113 Maiorem
988 3080 1144 3115 vocant
1163 3064 1484 3131 conspiciuntur
1498 3096 1512 3121 ,
1541 3085 1591 3113 ex
1605 3084 1705 3115 meo
1720 3065 1772 3114 de
1785 3063 2126 3131 Aquaeduffibus

290 3133 435 3182 libello
451 3132 711 3199 exscriptum
723 3132 921 3198 apposui.
1072 3134 1075 3135 ⁷
1170 3133 1173 3135 ’
1202 3135 1211 3138 ’
1343 3131 1348 3132 ’
1376 3131 1379 3135 ⁴
1454 3129 1479 3134 ”
1566 3134 1570 3135 ’
1696 3131 1704 3134 ”

1892 3210 1933 3258 A
1963 3205 1993 3249 S
1988 3217 2060 3269 pe-
