2221 3512
275 137 390 201 DE
436 135 642 199 σοι·
693 133 1116 198 TRAIANI
1163 134 1362 200 CAP·
1413 141 1558 203 vir·
1697 148 1814 228 189

14 288 17 294 .
50 251 139 296 iam
159 249 240 295 hoc
256 249 312 298 est
325 248 569 296 machinam
586 245 789 294 inuehere
806 265 819 302 3
839 255 883 294 δέ
898 247 1019 312 quod
1034 266 1113 296 nec
1133 252 1368 315 Scriptores
1388 250 1591 301 testatum
1610 270 1824 321 vmquam
1841 277 1903 305 re-

52 320 292 383 liquerunt,
308 327 352 366 δε
369 321 391 365 εὶ
409 319 564 365 caetcris
583 316 804 380 Signiferis
821 316 1043 373 discordat,
1059 338 1138 385 pro
1157 335 1273 368 certo
1288 321 1518 370 ass'umere:
1537 323 1590 371 de
1606 329 1763 374 caeteris
1777 329 1897 377 enim

51 390 299 436 cohortium
317 389 446 452 fignis
457 416 472 441 ‚
497 386 655 434 scimus
674 385 726 432 ad
741 385 915 435 cosdem
932 396 975 436 δε
990 387 1119 455 figere
1133 399 1177 438 Sc
1190 390 1365 457 refigere
1379 391 1575 459 speetaffc
1587 429 1602 454 ‚
1623 411 1671 443 vt
1688 394 1736 443 fit
1751 397 1896 462 palam

10 515 11 520 ¹
50 477 101 505 cx
117 460 253 506 Cicer.
269 457 321 507 de
337 457 538 505 Diuinat.
554 457 691 504 lib.11.
707 475 832 508 num·
850 463 945 506 CII·
975 458 1118 508 timide
1134 462 1301 528 fortaſj}
1332 464 1512 530 Signifer
1537 465 1759 521 euellebat,
1791 466 1898 532 quod

39 527 218 595 fidenter
242 529 455 594 infixerat:
486 528 684 592 loquitur
701 526 913 593 liquidem
930 545 1022 576 non
1051 529 1104 576 de
1131 531 1226 596 ipsa
1242 533 1693 599 aquilasteferturque
1718 536 1770 582 ad
1785 534 1899 583 illud

48 598 122 646 lib.
139 601 169 644 I.
188 615 310 645 num·
328 601 536 645 CXXXI.
565 617 642 665 quo
657 615 823 664 tempore
839 617 962 667 quum
979 601 1160 665 Stgnifer
1183 609 1314 665 primi
1342 601 1656 671 hastcitifignum
1681 626 1757 654 non
1771 606 1894 671 posset

0 690 10 720 a
51 687 203 715 mouere
221 670 297 715 loco
310 701 322 715 .
367 672 459 716 Cur
475 686 577 733 ergo
594 671 761 733 primus
776 668 845 716 hic
859 670 1071 716 Centurio
1087 667 1251 720 diuersa
1265 670 1360 736 lege
1375 671 1616 721 censebitur
1628 705 1642 727 ‚
1655 683 1697 722 ὃς
1712 692 1899 726 manum

9 742 12 784 Ξ
46 738 265 802 Signifero
281 737 664 788 accommodabit}
699 742 829 787 Dicet
843 737 1008 786 fortaffe
1025 738 1237 805 quispiam
1252 746 1277 795 ‚'
1294 741 1559 790 maiestatem
1585 744 1715 809 ipsius
1738 747 1895 810 aquilae

41 808 126 857 hoc
160 807 385 873 exposcere
399 840 413 864 ,
443 824 493 858 vt
521 809 543 856 a
571 808 825 874 digniffimo
852 813 1141 857 contrectetur
1154 843 1165 855 .
1205 814 1346 877 Atqui
1364 811 1392 860 fi
1418 812 1502 860 hoc
1516 813 1656 862 dicere
1673 815 1898 863 consenta-¹

41 896 175 926 neum
193 878 241 926 sit
257 897 269 935 3
303 897 380 927 cur
396 897 490 927 non
505 878 714 926 idemmet
730 879 925 926 summus
941 881 1156 928 Centurio
1173 880 1391 929 decentius
1406 890 1501 932 non
1528 885 1682 932 euellat
1697 883 1866 935 solunt,
1879 914 1896 939 2

39 947 111 995 sed
125 948 355 997 deferendo
371 965 534 999 tutetur
547 958 590 997 δε
606 964 805 1014 protegat
821 951 837 999 ἓ
863 966 909 995 ca
925 952 1041 997 enim
1059 950 1188 998 huius
1205 952 1449 1016 gestaminis
1475 953 1686 1020 dignitas,
1714 970 1764 1003 vt
1796 959 1895 1003 Au-

8 1029 10 1032 “
36 1019 185 1084 gustus
203 1021 289 1085 ipse
302 1019 544 1068 Mutinensi
559 1021 682 1067 Bello
698 1025 784 1069 Pro
798 1025 868 1070 Pr.
883 1037 1064 1067 munere
1077 1021 1259 1086 fugens,
1290 1027 1335 1071 A
1340 1024 1529 1090 quiliftro
1544 1025 1699 1090 legionis
1702 1025 1787 1090 suae
1790 1016 1894 1091 grcffi¹

0 1105 11 1133 ι·
41 1099 147 1137 uiter
156 1090 308 1154 stium,
325 1093 504 1157 aquilam
519 1091 693 1138 humeris
700 1090 793 1156 suis
798 1089 972 1155 subierit
984 1122 998 1146 ,
1016 1090 1168 1159 oliuq'ue
1177 1093 1494 1158 pot-tauet-tt‚(fic
1511 1096 1746 1144 Suetonius
1763 1095 1896 1143 refert·

8 1149 11 1169 '¹
40 1177 131 1225 cap.
149 1167 202 1209 X.
220 1165 239 1222 )
256 1160 488 1225 indignum
504 1159 663 1206 ducens
679 1162 732 1208 ab
748 1160 962 1208 inferioris
980 1161 1144 1209 ordinis
1161 1163 1300 1209 milite
1315 1192 1328 1216 ‚
1349 1164 1479 1211 etiam
1493 1163 1544 1211 ad
1561 1163 1742 1213 dedecus
1760 1164 1892 1229 amis-¹

8 1272 11 1286 ,
38 1228 166 1277 sionis
183 1230 436 1278 euitandum
451 1261 464 1285 ‚
482 1230 717 1296 asportari.
748 1234 871 1294 Qu
889 1230 984 1279 imo
998 1264 1011 1288 ,
1030 1233 1096 1280 vel
1111 1233 1216 1280 citra
1231 1249 1387 1298 pugnae
1401 1234 1696 1283 lieceffitatem
1710 1267 1724 1290 ,
1742 1239 1892 1301 Impca

8 1336 11 1344 .
39 1313 196 1348 ratores
219 1299 302 1347 hoc
326 1300 420 1366 ipso
447 1318 576 1348 onere
606 1300 858 1349 laetabantur
871 1332 885 1357 2
913 1302 1220 1367 summamque
1250 1320 1450 1368 purpurae
1474 1303 1733 1368 dignitatem
1758 1304 1891 1369 fignis

8 1409 9 1414 ,
38 1368 287 1418 submittere
310 1388 404 1418 non
430 1370 740 1426 abhorrebant,
775 1387 824 1419 vt
853 1373 1064 1420 monstrat
1097 1371 1369 1421 Herodianus
1384 1373 1458 1420 lib.
1474 1377 1552 1422 IV.
1584 1393 1888 1442 nonnumquam

7 1460 10 1488 1
38 1447 158 1489 etiam
169 1440 281 1506 figna
297 1443 493 1489 militaria
505 1442 717 1509 longtffima
731 1473 744 1496 ,
766 1452 826 1494 <9⁴
841 1451 972 1490 aureis
991 1451 1228 1491 ornamentis
1237 1452 1458 1509 praegrauia
1472 1474 1486 1498 ,
1503 1465 1546 1492 ac
1561 1464 1610 1492 ne
1625 1443 1889 1513 robusttffimis

0 1521 9 1556 Ι
39 1509 204 1577 quidem
228 1511 426 1559 militibus
445 1512 594 1577 facilia
611 1542 624 1565 ,
655 1514 733 1578 ipfi’
754 1514 1047 1574 (Antoninus
1065 1513 1222 1561 scilicet
1239 1515 1491 1576 Caracalla)
1522 1515 1701 1563 humeris
1717 1514 1856 1578 subire
1870 1514 1889 1558 ,¹

7 1615 9 1620 η
38 1580 117 1628 Sed
136 1579 187 1630 de
201 1580 437 1632 hocforsan
453 1581 721 1633 dubitamus?
736 1600 886 1631 nonne
901 1583 1109 1632 admonet
1123 1600 1204 1631 nos
1224 1585 1396 1630 Tacitus
1414 1589 1490 1631 ΙΙΙ.
1506 1585 1664 1632 Histor.
1691 1585 1888 1633 Atilium

7 1675 9 1677 ·
35 1655 200 1710 Uerum
225 1653 438 1718 primipili
457 1654 777 1700 Centurionem
794 1685 809 1710 ,
842 1654 1034 1718 aquilam
1061 1655 1197 1701 multfi
1214 1670 1314 1700 cum
1332 1653 1522 1718 hostiurn
1536 1653 1668 1719 strage
1683 1653 1736 1701 ad
1754 1668 1900 1701 extre-.

7 1750 9 1755 ·
35 1739 162 1770 mum
179 1721 311 1788 vsque
331 1724 594 1771 morientem
609 1720 782 1770 seruasse
799 1725 814 1773 Ξ
839 1740 989 1770 nonne
1006 1726 1166 1772 Siccius
1181 1756 1192 1778 ,
1221 1723 1340 1786 (fiue
1360 1725 1545 1772 Sicinius
1571 1743 1672 1772 curn
1700 1725 1790 1781 alijs
1807 1725 1890 1771 vo-'

6 1799 8 1843 j
35 1792 195 1843 candus
212 1792 260 1839 sit
275 1795 418 1840 virille
434 1793 746 1841 strenuiffimus
762 1825 775 1849 ,
791 1812 924 1859 quem
942 1795 1082 1842 Festus
1101 1794 1322 1841 Achillem
1341 1797 1600 1843 Romanum
1616 1795 1883 1861 appellauit)

37 1863 84 1908 in
99 1863 272 1909 militari
288 1863 360 1911 1115
377 1863 449 1910 sua
465 1864 692 1911 iactatione
707 1895 721 1920 ,
755 1863 807 1911 de
823 1863 909 1929 quc'i'
926 1863 1170 1931 Dionysius
1187 1864 1261 1912 lib.
1276 1871 1332 1912 X.
1353 1866 1582 1931 quiritatur
1599 1864 1640 1912 se
1654 1864 1889 1930 Primipilo

0 1944 8 1978 Ι
39 1932 246 1998 prostrato
268 1965 281 1988 ‚
308 1951 408 1981 cum
426 1936 572 1998 aquila
600 1935 646 1980 in
673 1934 860 1982 hostium
876 1935 1130 2000 potestatem
1147 1934 1324 1986 veniffet
1341 1970 1355 1994 ,
1386 1936 1580 2000 aquilam
1605 1935 1800 2002 recepisse
1816 1941 1890 1988 a&

6 2020 8 2026 ⁴
35 2003 314 2068 Primipilum
331 2003 521 2068 eripuiile
541 2005 557 2053 ἓ
588 2003 640 2052 de
660 2006 892 2068 Primipilo
909 2007 1028 2052 enim
1043 2013 1086 2052 ὃ(
1102 2022 1194 2051 non
1210 2005 1262 2052 de
1278 2005 1501 2064 Praefecto,
1517 2022 1590 2054 aut
1608 2007 1823 2060 Tribuno‚
1842 2017 1892 2051 vt

36 2072 163 2120 habet
182 2073 315 2120 versio
331 2075 607 2132 Gaeleniana‚
625 2074 750 2139 loqui
778 2074 1045 2140 Dionysium
1060 2110 1072 2133 ‚
1100 2075 1264 2140 optime
1279 2076 1433 2140 probat
1449 2076 1617 2140 Lipsius
1636 2078 1748 2124 Dial.
1767 2080 1887 2125 VIII.

36 2143 109 2190 lib.
125 2147 184 2192 L:
203 2143 352 2191 nonne
377 2143 517 2193 Caesar
529 2144 579 2191 de
594 2145 700 2191 Bell.
722 2146 854 2193 Ciuil.
871 2146 943 2192 lib.
963 2148 1033 2193 ΙΙΙ.
1048 2145 1174 2194 refert
1191 2179 1200 2195 ‚
1221 2145 1417 2210 aquilam
1435 2144 1730 2194 conseruatam
1749 2146 1887 2201 fuiss'e‚

37 2213 246 2262 omnibus
273 2219 423 2280 primae
443 2215 632 2262 cohortis
662 2216 1010 2263 Centurionibus
1034 2216 1266 2263 interfectis
1282 2247 1295 2270 ,
1328 2230 1479 2280 praeter
1498 2218 1748 2280 Principem
1768 2218 1889 2282 prio-

6 2295 7 2299 ’
37 2301 128 2330 rem
147 2285 162 2331 ξ
192 2287 302 2349 (qui
329 2284 445 2332 idem
464 2286 521 2334 est
535 2286 583 2332 ac
599 2286 887 2350 Primipilus)
910 2288 952 2334 Si
970 2284 1073 2335 vero
1103 2287 1159 2332 ita
1188 2304 1279 2333 non
1295 2286 1589 2350 intelligamus
1606 2317 1621 2342 ,
1651 2288 1740 2334 iam
1757 2297 1799 2335 δε
1821 2287 1891 2334 hic

5 2374 8 2401 ξ
37 2351 256 2400 subaudire
273 2355 497 2411 debenmS,
509 2357 698 2404 Atilium
719 2362 884 2405 Verum
897 2373 987 2404 non
1004 2357 1197 2421 aquilam
1214 2357 1345 2421 penes
1360 2355 1400 2402 se
1414 2357 1646 2413 rerinussse,
1660 2356 1729 2403 sed
1745 2360 1888 2423 Signi-

0 2440 6 2489 ‚¹
41 2421 131 2469 fero
149 2423 352 2471 morienti
369 2427 501 2472 veluti
515 2425 685 2474 obiectu
701 2430 890 2492 corporis
905 2445 984 2492 pro
1000 2445 1126 2474 muro
1146 2427 1316 2482 stetisses
1335 2434 1378 2474 δέ
1392 2443 1481 2473 non
1499 2426 1556 2473 ob
1570 2427 1738 2492 lapsum
1754 2431 1886 2493 primi

40 2493 323 2540 Centurionis
337 2495 527 2557 aquilam
544 2496 727 2543 ablatam
745 2502 990 2544 Dentatum
1007 2497 1261 2563 recuperasse
1275 2527 1289 2550 a
1316 2495 1385 2544 sed
1401 2497 1481 2544 alia
1510 2498 1729 2545 interiecta
1746 2498 1888 2562 perso-

41 2562 98 2609 na
113 2593 126 2616 ,
156 2581 207 2609 eo
224 2562 346 2610 humi
362 2563 486 2611 strato
499 2565 549 2619 ,a
569 2566 784 2630 Signifero
799 2567 879 2629 (de
896 2586 986 2632 quo
1002 2569 1119 2615 nulla
1135 2568 1278 2615 habita
1293 2567 1350 2615 est
1366 2569 1566 2628 mentio)
1584 2567 1722 2615 hostes
1741 2567 1884 2616 abstu-

36 2631 130 2680 ,liss'e
144 2651 156 2689 3
171 2651 314 2698 neque
331 2632 385 2680 eo
402 2634 521 2699 quod
539 2655 640 2684 cum
666 2637 755 2698 alijs
781 2638 1121 2686 Centurionibus
1136 2655 1227 2686 non
1255 2639 1450 2685 ceciderit
1467 2640 1719 2704 Primipilus
1736 2670 1751 2694 ,
1766 2641 1889 2704 aqui-

44 2702 133 2751 lam
153 2703 318 2751 euasiffe
334 2707 572 2769 quominus
586 2709 632 2753 in
648 2707 903 2771 potestatem
921 2709 1111 2756 hostium
1127 2711 1320 2764 veniret3
1349 2708 1419 2756 sed
1449 2707 1569 2774 quod
1585 2710 1692 2755 alius
1710 2710 1890 2774 Aquili-

44 2771 107 2821 fer
135 2793 230 2822 eam
252 2774 507 2823 seruauerit:
537 2777 578 2823 id
594 2778 713 2841 quod
728 2796 807 2825 nec
823 2781 973 2827 Liuius
990 2812 1002 2834 ‚
1034 2780 1208 2827 Tacitus
1225 2812 1238 2836 ,
1270 2794 1344 2827 aut
1361 2779 1502 2827 Caesar
1516 2777 1665 2826 dicunt
1681 2811 1695 2835 ,
1713 2797 1792 2826 nec
1809 2795 1891 2826 nos

43 2840 236 2910 supplere
251 2845 370 2892 decet
393 2848 439 2893 in
456 2848 737 2912 Scriptoribus
754 2850 937 2897 minime
952 2849 1128 2898 rudibus
1142 2881 1154 2904 ‚
1184 2850 1253 2898 sed
1270 2849 1415 2914 potius
1431 2848 1639 2897 consensu
1658 2853 1889 2898 omnium,

35 2911 292 2963 (saeculorum
309 2948 322 2971 ,
338 2916 476 2964 formai
494 2925 537 2964 ἃ
549 2920 809 2982 proprietate
823 2919 1029 2984 loquendi
1045 2920 1397 2985 praestantiifimis
1413 2954 1424 2963 .
1454 2918 1536 2967 Sed
1551 2920 1662 2986 apud
1679 2921 1889 2968 Caesarem

49 3001 100 3032 cx
127 2985 474 3035 antecedentibus
505 3005 568 3035 res
597 2986 644 3034 fit
671 2990 821 3036 clarior
835 3020 849 3043 ³
884 2994 941 3036 ln
961 2994 1137 3055 eopraelio
1171 2997 1186 3054 (
1207 2990 1334 3038 habet
1347 2991 1466 3057 ipse)
1493 3011 1580 3040 cum
1593 2999 1714 3057 graui
1728 2991 1893 3039 vulnere

49 3056 134 3118 effit
149 3059 312 3121 affecius
326 3060 545 3126 Aquilrfer
561 3089 574 3113 2
602 3069 661 3111 <9⁴
683 3058 846 3106 viribus
863 3057 1096 3124 deficeretur
1110 3091 1122 3113 ,
1151 3063 1393 3126 conspicatus
1409 3071 1556 3129 equites
1575 3065 1716 3128 nostros
1734 3080 1747 3115 3
1787 3058 1890 3106 hanc

41 3143 103 3189 ego
115 3155 129 3179 ,
146 3134 306 3194 inquit,
319 3139 378 3182 ἐφ’
396 3138 523 3179 vinus
542 3131 688 3177 multos
701 3132 786 3195 post
803 3148 926 3177 annos
939 3135 1089 3196 magni
1107 3129 1317 3198 dilgcisstsd
1330 3133 1489 3200 defendi
1500 3134 1590 3188 2'e9·
1605 3152 1709 3179 nunc
1723 3136 1889 3235 nlzoriens

1672 3217 1817 3247 erza-em
