2221 3512
508 120 627 189 DE
671 115 880 185 (3012
927 116 1348 183 TRAIANr
1394 117 1595 180 CAP·
1626 120 1676 183 1·
1888 148 1928 206 9

98 253 134 288 Α
163 230 810 297 'arimac'ustodifi„&'i1rfignibus
826 229 888 277 sui
903 232 1095 278 muneris
1111 259 1125 284 a
1145 233 1336 296 pugione
1349 228 1522 284 scilicet,
1538 246 1671 295 quem
1692 230 1744 277 ab
1755 230 2020 298 Imperatore

171 304 402 371 accipiebat
415 335 431 359 ,
448 308 466 366 (
483 302 530 351 vt
545 321 596 350 ex
613 307 710 350 Sex.
728 307 836 349 Aur.
852 302 1084 348 Victorem
1101 302 1272 347 Traian.
1287 299 1336 348 fit
1351 301 1494 366 palam
1508 331 1522 355 ,
1545 298 1632 348 crim
1650 301 1792 366 insigne
1812 305 2026 368 potestatis,

174 380 238 426 vti
256 394 336 423 mos
360 378 414 442 est
430 404 445 426 ,
465 381 673 439 pugionem
691 370 835 432 daret)
853 387 944 417 non
960 369 1074 416 male
1091 388 1192 417 cum
1219 388 1394 435 arguere
1409 368 1656 435 poffumus;
1684 372 1841 436 pluries
1856 375 2020 422 etenim

177 446 379 512 quamuis
405 443 493 503 alijs
516 439 703 489 eiusdem
731 439 901 487 habitus
928 440 1180 488 commistus
1195 471 1208 495 ,
1235 440 1353 489 idem
1382 441 1490 487 latus
1521 439 1731 488 sinistrum
1756 448 2021 508 protegere-.v

178 512 434 579 conspicitur
446 543 460 566 ,
475 513 715 577 pugionem
732 527 816 576 prae
830 508 1032 558 manibus
1048 526 1196 574 gerens
1211 541 1225 564 ,
1255 524 1302 558 vt
1317 528 1424 557 num
1440 543 1451 554 .
1490 527 1543 566 19
1558 518 1598 556 8.
1619 514 1632 561 ζ
1650 529 1701 557 ex
1717 511 1858 558 nostrii
1872 516 2023 560 emen-⁴

178 585 382 639 datione)
418 600 541 631 num.
577 600 604 629 2
617 599 633 630 1
645 597 688 639 4·
705 610 718 635 ,
748 598 872 629 num.
891 591 1001 646 269.
1032 579 1206 641 (deleto
1222 596 1290 635 eo,
1307 582 1385 645 qui
1401 581 1445 625 in
1462 579 1660 627 manibus
1675 581 1844 629 alterius
1869 583 2021 630 militis

109 672 136 705 a
177 671 308 720 prope
327 651 516 698 labarum
531 651 583 697 ad
598 650 787 697 dextram
814 652 1072 714 apparebat)
1105 666 1227 700 num.
1247 668 1359 717 295·
1373 680 1386 704 ,
1401 667 1447 695 ac
1474 651 1627 713 pariter
1646 669 1696 696 ex
1712 651 1854 699 nostrii
1881 669 2021 700 corre-

178 726 318 771 ertone
349 740 475 768 num.
498 737 559 779 30
573 738 605 767 Ι.
639 719 686 767 Id
713 718 833 784 quod
854 719 948 766 casu
966 717 1145 783 quidem
1160 718 1346 765 accidere
1359 721 1504 784 potuit
1519 751 1531 773 ,
1563 719 1727 775 fateor;
1765 720 1831 767 sed
1845 721 2020 786 gladius

177 791 391 857 nusquam
406 790 458 838 ab
473 791 556 836 alio
572 792 695 836 latere
714 788 830 836 visus
843 819 857 843 ,
885 788 1088 853 quodq'ue
1105 789 1342 836 constanter
1359 798 1399 835 St
1415 788 1624 854 perpetuo
1639 789 1682 835 id
1698 789 1907 845 seruetur,
1926 792 2019 839 iun-

178 862 243 911 &a
260 864 424 909 ratione
438 859 479 906 id
495 859 707 913 credendi,
722 858 837 913 facit,
856 873 902 905 vt
921 858 972 904 ad
989 861 1121 904 alium
1139 859 1286 906 locum
1303 858 1555 906 Praefe8fflm
1573 858 1685 906 hunc
1700 860 1954 925 relegemus,
1968 878 2022 908 eo

179 933 342 997 surgere
358 963 371 987 ,
400 939 441 978 δέ
458 931 558 976 hinc
579 928 692 976 abire
709 928 813 977 iusso
829 959 844 983 ,
870 941 917 975 vt
934 930 1124 993 digniori
1142 937 1184 975 Sc
1201 928 1468 976 honoratiori
1486 930 1645 976 Sellam
1665 928 1931 977 Castrensem
1946 946 2023 977 va-

179 1021 306 1050 cuam
326 1002 540 1064 relinquat
556 1033 566 1043 .
593 999 857 1046 peculiarem
874 999 1002 1044 etiam
1021 997 1208 1045 eiusdem
1226 998 1448 1064 dignitatis
1463 1012 1612 1045 notam
1628 1029 1640 1052 ,
1655 1000 1894 1064 pugionem
1911 1032 1923 1054 ,
1938 999 2024 1047 siue

111 1094 142 1124 c
174 1068 610 1138 parazonium,fuiffe,
625 1067 802 1115 habetur
821 1087 871 1115 ex
888 1085 941 1115 eo
960 1069 1057 1114 loco
1074 1068 1316 1116 Philostrati
1333 1070 1378 1115 in
1396 1068 1497 1116 Vita
1513 1069 1742 1134 Apollonij
1762 1070 1932 1135 Tyanei
1947 1068 2026 1134 libe

183 1139 449 1206 V11.fi›rte¹id
471 1148 654 1203 temporis
667 1136 853 1203 gladium
879 1136 1182 1200 imperatorium
1195 1139 1348 1185 tenebat
1363 1141 1580 1186 Aelianus:
1598 1136 1713 1186 idern
1727 1139 1846 1185 enim
1864 1139 2027 1204 Caspess

182 1214 266 1259 rius
286 1211 482 1259 AElianus
507 1210 623 1257 iuxta
644 1209 836 1254 Dionem
854 1208 980 1253 initio
1002 1207 1074 1252 lib.
1096 1210 1299 1256 LXVIII.
1328 1206 1405 1253 sub
1427 1208 1713 1263 DomitianO,
1740 1217 1780 1255 δι
1796 1207 2026 1257 succeffiue

182 1280 258 1327 sub
281 1278 426 1327 Nerus'i
439 1310 450 1330 ,
469 1277 693 1325 ΡΠεῑεᾶυε
709 1278 918 1325 Praetorio
932 1276 1013 1324 suit
1031 1295 1041 1322 :
1076 1275 1389 1344 confirmatcjue
1403 1277 1486 1323 hoc
1500 1277 1669 1342 egregie
1684 1295 1893 1326 nummus
1907 1278 1930 1325 εὶ
1946 1283 2028 1327 Pa-

179 1353 276 1397 tino
291 1351 337 1398 in
354 1348 544 1397 Claudio
561 1366 651 1413 cap.
669 1353 723 1395 X.
750 1365 845 1412 pag.
870 1365 921 1405 25
942 1365 978 1410 3.
997 1347 1146 1393 allatus
1160 1378 1172 1402 ,
1192 1350 1236 1393 in
1253 1365 1344 1412 quo
1360 1347 1461 1394 hinc
1474 1351 1712 1413 Imperator
1727 1348 1846 1393 ciuili
1859 1335 2029 1404 habitu,¹¹

182 1418 282 1466 inde
302 1419 525 1467 Praefetfims
542 1420 748 1467 Praetorio
763 1417 1022 1472 thoracatus,
1040 1426 1083 1464 ἃ
1101 1419 1338 1481 pugionem
1355 1416 1514 1464 finistrss
1528 1434 1677 1482 gerens
1692 1448 1706 1473 ,
1721 1416 1909 1465 dexteras
1932 1420 2031 1483 iun-J

112 1507 143 1538 D
180 1504 291 1556 gunt
305 1520 318 1541 ,
346 1508 444 1537 cum
463 1488 693 1554 epigraphe
723 1489 1002 1535 PRAETOR
1031 1508 1041 1519 ·
1075 1490 1294 1534 RECEP·
1322 1486 1384 1549 (fi
1398 1487 1534 1535 modo
1548 1489 1583 1533 is
1599 1505 1690 1536 non
1708 1486 1765 1535 est
1782 1486 2031 1554 Aquilifer,

181 1574 230 1608 vt
252 1560 355 1606 alius
369 1576 577 1607 nummus
593 1590 607 1613 ,
635 1558 687 1604 de
703 1575 793 1623 quo
812 1557 921 1604 infra
937 1557 1129 1604 dicemus
1146 1587 1159 1610 ,
1177 1557 1417 1618 ostendit.)

252 1629 340 1677 Vbi
366 1628 539 1677 tandem
564 1629 706 1694 plures
733 1629 888 1675 eodem
903 1644 1123 1674 armorum
1140 1640 1294 1675 ornatu
1321 1627 1574 1693 conspicuos
1589 1628 1695 1674 circa
1709 1628 1945 1676 Traianum
1961 1626 2028 1674 of-

181 1697 407 1748 fendemus
426 1731 440 1754 ,
465 1701 584 1763 quod
603 1715 693 1744 non
710 1699 1002 1762 infrequenter
1016 1695 1291 1752 obseruatur,
1319 1698 1345 1758 ij
1363 1714 1453 1744 non
1469 1697 1539 1759 alij
1557 1711 1680 1744 erunt
1694 1728 1707 1752 ,
1725 1697 1859 1762 quzim
1878 1699 2027 1762 Legati

182 1770 388 1817 militares
402 1800 416 1823 ,
439 1770 598 1833 quibus
615 1768 734 1815 locus
752 1770 797 1815 in
814 1766 1045 1814 Tribunali
1057 1798 1071 1820 ,
1089 1775 1132 1815 &
1147 1769 1254 1814 eirca
1267 1767 1423 1815 Sellam
1441 1769 1710 1833 Imperatoris
1728 1767 2030 1834 affignabatur,

189 1855 235 1888 vt
252 1839 460 1886 habemus
476 1856 527 1885 ex
545 1839 671 1885 Liuio
686 1837 761 1884 lib.
776 1839 893 1885 vill.
910 1856 957 1883 ne
974 1835 1178 1884 Tribunal
1193 1835 1352 1903 quidem
1360 1837 1466 1903 βὰς
1490 1845 1686 1903 quietum,
1699 1842 1844 1903 Legati
1859 1842 2032 1886 circum-

116 1929 142 1962 1².
188 1912 337 1979 stantes
361 1911 515 1958 Sellam
533 1940 547 1963 ,
562 1907 726 1955 orabant
740 1939 755 1961 ,
782 1924 834 1956 vt
847 1925 926 1953 rem
942 1914 984 1952 in
999 1909 1195 1974 posterum
1215 1906 1321 1954 diem
1341 1906 1519 1973 dffirret
1541 1926 1555 1964 3
1581 1906 1776 1972 loquitur
1791 1905 1843 1953 de
1857 1908 2031 1972 Papirio

186 1980 437 2034 Dictatore,
465 1977 518 2026 de
532 1995 623 2043 quo
644 1975 782 2024 rursus
797 2007 812 2031 ,
840 1976 934 2042 iuffi
949 1974 996 2023 de
1012 1974 1227 2024 Trrbunalt'
1242 1976 1473 2041 descendere
1498 1982 1662 2043 Legati.
1696 1978 1902 2024 Similiter
1920 1975 2030 2023 lose-

184 2049 296 2115 phus
311 2050 483 2097 lib.V[1.
498 2047 804 2096 Amic-Titum
819 2044 1030 2093 Caesarem
1044 2049 1155 2093 inter
1170 2049 1354 2112 Legatos
1370 2046 1484 2093 dona
1497 2048 1698 2093 militaria
1715 2063 1790 2108 pro
1807 2046 2031 2094 Tribunali

194 2119 518 2166 distribuentem
534 2117 797 2183 repraesentat
813 2135 827 2173 5
843 2116 897 2163 fic
912 2120 1030 2164 enim
1045 2117 1228 2182 explicat
1244 2119 1311 2165 vir
1324 2115 1474 2163 doe‘tus
1504 2115 1541 2163 8
1554 2122 1660 2170 μετά
1676 2116 1728 2162 πἰἕ
1733 2138 1745 2162 ν
1762 2116 1962 2170 bendum,
1979 2115 2032 2163 de

193 2187 292 2236 solis
314 2190 482 2255 Legatis
497 2220 511 2244 ,
540 2189 739 2254 quamuis
754 2185 972 2235 interdum
1001 2203 1081 2252 pro
1099 2186 1303 2234 Tribunis
1318 2217 1331 2240 ,
1360 2185 1428 2232 seu
1446 2184 1658 2233 Praefeffis
1673 2187 1903 2251 accipiatur
1919 2185 2033 2251 apud

195 2262 371 2307 Graecos
387 2259 603 2308 authores-
622 2258 937 2324 Multiplicatos
951 2270 1095 2304 autem
1108 2255 1308 2304 videmus
1323 2259 1505 2322 Legatos
1519 2257 1627 2302 circa
1642 2257 1877 2304 Traianum
1892 2257 1936 2302 in
1949 2257 2035 2302 hoc

120 2362 142 2389 ς
188 2331 389 2383 exercitu,
406 2331 506 2394 quia
521 2331 775 2395 plerumque
790 2341 857 2376 tot
869 2341 988 2375 erant
1007 2328 1170 2392 Legati,
1186 2341 1296 2393 quot
1308 2326 1500 2392 legiones
1511 2357 1526 2379 ,
1541 2340 1589 2373 vt
1605 2343 1655 2372 ex
1669 2326 1748 2373 illo
1766 2326 1903 2374 Taciti
1917 2324 2032 2374 lib.1.

191 2402 355 2447 Annal.
365 2398 442 2464 fibt
459 2418 533 2447 tres
554 2401 718 2466 legiones
736 2433 751 2456 ,
768 2395 927 2445 totidem
940 2402 1101 2462 Legatos
1117 2396 1384 2463 procubniffe‚
1407 2394 1667 2460 Caesarisque
1684 2395 1759 2443 lib.
1775 2399 1826 2443 Π.
1858 2394 1909 2442 de
1923 2390 2036 2443 Bell-³

192 2470 310 2518 Gall.
325 2481 385 2521 (9⁴
400 2465 510 2535 qutid
536 2467 585 2516 ab
599 2486 702 2535 opere
713 2467 961 2537 fingultsq‘ue
977 2465 1192 2532 legionibus
1208 2467 1382 2531 fingulos
1396 2470 1560 2530 Legatos
1584 2466 1708 2531 Caefizr
1735 2464 1928 2530 discedere
1957 2465 2036 2530 mfi

191 2547 359 2585 munitis
371 2541 519 2608 Castris
534 2556 745 2587 vetuerat:
763 2538 1003 2584 Traianum
1021 2538 1139 2584 enim
1154 2534 1294 2601 ipsum
1313 2535 1482 2600 Legatis
1494 2532 1613 2581 fuisse
1629 2533 1771 2588 vsum,
1786 2551 1896 2598 quos
1912 2553 2031 2581 reue-

189 2607 325 2654 rentii
340 2607 685 2672 prosequebatur,
698 2615 742 2655 δε
758 2607 1016 2654 authoritate
1029 2605 1143 2672 apud
1159 2606 1317 2652 milites
1333 2605 1494 2669 pollere
1509 2603 1695 2658 volebat,
1709 2603 1848 2658 refert,
1866 2603 2033 2651 laudat-

189 2675 273 2741 «ξας
289 2678 454 2724 Plinius
466 2679 514 2725 in
529 2682 688 2743 Paneg.
703 2695 823 2724 num.
848 2695 864 2724 1
877 2689 907 2724 6
916 2692 953 2736 ς.
972 2707 985 2732 ,
1000 2674 1251 2739 confertQue
1266 2676 1433 2740 optime
1448 2675 1554 2739 lapis
1570 2673 1683 2738 apud
1698 2675 1934 2721 Gruterum
1950 2673 2030 2722 fol.

126 2770 155 2805 G
191 2750 471 2796 CDXXVII·
493 2764 509 2794 1
526 2764 570 2798 2.
599 2748 862 2796 LEGATO
878 2749 1018 2794 ·1MP
1035 2769 1047 2780 ·
1076 2748 1344 2794 NERVAE
1359 2766 1371 2777 ·
1387 2746 1688 2792 TRAIANI·
1703 2747 2005 2792 CAESARIS
2020 2765 2033 2776 ·

190 2820 329 2865 AVG
345 2831 359 2845 ·
377 2819 754 2865 GERMANICI
768 2839 779 2849 ·
794 2819 1015 2863 DACICI
1031 2837 1044 2850 ·
1062 2816 1180 2862 LEG
1195 2835 1210 2851 ν
1229 2817 1320 2862 VI·
1335 2816 1593 2870 FIRMAE,
1612 2817 1731 2879 (quae
1744 2813 1862 2879 legio
1875 2813 1932 2864 est
1947 2830 2031 2862 vna

191 2904 243 2935 ex
257 2887 304 2950 ijs
321 2922 334 2944 ,
351 2904 447 2952 quae
465 2887 704 2935 militarunt
716 2888 762 2933 in
776 2887 859 2933 hoc
874 2886 994 2934 Bello
1010 2886 1176 2933 Dacico
1189 2916 1204 2940 ,
1215 2882 1246 2931 fi
1260 2882 1520 2932 credendum
1536 2884 1593 2932 est
1607 2881 1874 2948 inscriptioni
1889 2883 1912 2931 εὶ
1927 2885 2029 2932 Cia-

193 2973 310 3004 cono
323 2973 443 3004 nurn-
464 2975 576 3022 227.
591 2957 762 3018 relatae)
778 2957 886 3003 vltra
902 2956 1002 3002 alias
1017 2954 1316 3021 inscriptiones
1331 2953 1384 3001 ad
1398 2955 1480 3000 hoc
1498 2953 1669 3002 Bellum
1683 2953 1885 3001 facientes
1896 2984 1910 3008 ,
1921 2952 2029 3000 inse-

194 3026 343 3074 rendas
362 3030 595 3090 Cap-VIII.
613 3031 711 3075 Nec
727 3024 948 3074 immerito
960 3043 1057 3074 cam
1068 3023 1324 3089 dignitatern
1338 3026 1589 3089 promouit,
1603 3040 1737 3089 quarn
1752 3023 1929 3087 ipsemet
1944 3019 2026 3086 gel]

192 3095 314 3164 serat,
328 3095 411 3143 fuit
431 3099 548 3146 enim
560 3101 607 3146 N
613 3111 720 3145 eruae
736 3098 920 3162 Legatus
932 3126 948 3152 ,
962 3109 1010 3143 vt
1023 3114 1071 3143 ex
1085 3096 1232 3144 Plinio
1244 3096 1292 3143 in
1307 3093 1462 3142 eodem
1482 3098 1638 3159 Paneg.
1655 3111 1778 3141 num.
1801 3097 1824 3139 8
1835 3102 1876 3137 6.
1890 3104 2026 3154 patet.

675 3161 685 3165 “
734 3161 763 3165 “
936 3164 945 3165 ’
1133 3162 1144 3164 ”
1225 3160 1231 3163 ’
1393 3169 1428 3211 Β
1668 3159 1683 3161 ”
1778 3163 1966 3210 Nouum
