2221 3512
46 161 552 248 HISTORIA
606 163 1197 272 VTRIVSQJE
1245 165 1519 249 BELLI
1559 170 1930 252 DACICI

288 282 331 344 Α
404 280 858 329 TRAIANO
926 283 1352 332 CAESARE
1422 284 1676 339 GESTI,

172 349 236 393 Ex
253 346 516 396 simulachris
541 366 637 413 quae
655 350 700 394 in
735 348 924 396 eiusdem
944 350 1163 398 Columna
1181 356 1337 400 Romae
1366 354 1558 403 visuntur
1584 354 1761 401 colle&a
1777 385 1788 397 .

117 420 504 469 AVCTORE
547 423 603 466 F·
645 421 1025 474 ALFONSO
1064 425 1432 476 CIACONO
1475 427 1842 480 HISPANO

459 486 623 537 Doffore
648 487 836 554 Theologo
864 491 1041 557 instituti
1072 489 1374 539 Praedicatorum
1390 522 1403 545 ,
1434 509 1499 550 ξφ

526 615 528 617 ,
611 561 783 606 Romam*
802 557 1006 623 Pontt'ficis
1027 565 1322 608 Poenitentiario
1337 592 1348 604 .

357 628 712 677 LECTORI
757 630 920 676 CAN
942 631 1141 677 DIDO
1196 631 1595 678 SALVTEM.

39 690 90 820 1
107 695 217 742 Nter
246 697 514 761 antiquitatis
530 712 841 751 monumenta,
868 713 962 761 quae
977 698 1021 750 in
1042 698 1156 744 Vrbe
1172 699 1335 764 integra
1348 698 1568 763 supersunt
1581 730 1595 753 ,
1619 716 1715 764 quae
1731 699 1922 765 profesto

121 765 371 830 paucissima
399 767 581 815 existunt
596 798 611 823 ,
640 767 747 815 nihil
777 766 961 823 nobilius
993 781 1063 815 aut
1087 768 1345 831 splendidius
1365 769 1535 817 Traiani
1561 769 1783 817 Columna
1799 788 1809 815 ε
1826 786 1923 833 quae

42 833 140 881 vltra
158 836 382 900 ingentem
397 838 485 884 eius
502 840 665 884 molem
680 866 694 890 ,
723 834 941 901 Vtriusque
956 837 1062 884 Belli
1077 839 1226 884 Dacici
1244 838 1462 887 historiam
1491 839 1637 887 multis
1664 837 1924 887 simulachris

41 898 234 968 scalptam
250 904 404 954 habeat
416 938 431 961 ,
444 904 773 970 vniuersamque
788 906 922 953 ferme
939 905 1157 954 vetustatis
1171 909 1374 957 notitiam
1389 908 1694 974 complecitatur
1712 925 1724 954 ε
1753 917 1795 958 3<
1810 907 1923 955 vnde

41 971 147 1022 illius
164 978 297 1022 aetatis
325 976 515 1024 militum
544 993 684 1023 mores
701 1007 715 1030 ,
750 974 919 1024 habitus
933 1006 948 1030 ,
976 974 1242 1040 disciplinam
1256 1009 1269 1034 ,
1291 996 1430 1034 arma,
1446 977 1757 1043 profectiones,
1774 976 1921 1026 castra-

40 1044 289 1091 metationes
301 1075 315 1098 ,
344 1045 708 1093 frumentationes
725 1076 738 1101 ,
753 1046 1046 1110 pabulationes
1063 1075 1076 1100 ,
1102 1044 1406 1111 adaquationes
1420 1081 1434 1105 ,
1465 1051 1780 1113 Imperatorum
1807 1045 1924 1094 adlo-

35 1114 226 1162 tutiones
240 1146 254 1169 ,
276 1114 472 1162 sacrificia
486 1145 500 1171 ,
520 1115 750 1163 libationes
762 1145 776 1170 ,
789 1117 982 1163 viciimas
994 1146 1007 1170 ,
1021 1132 1108 1162 aras
1122 1145 1135 1170 ,
1150 1115 1382 1164 sacerdotes
1399 1149 1412 1173 ,
1432 1117 1607 1166 illorum
1620 1116 1791 1165 habitus
1806 1147 1820 1172 ,
1838 1117 1922 1164 mi-

39 1182 198 1231 nisteria
209 1193 252 1233 Sc
268 1187 313 1233 in
327 1183 598 1244 sacrificando
610 1188 733 1241 rituS,
749 1187 1052 1243 Romanorum
1068 1193 1112 1233 Sc
1132 1184 1314 1234 hostium
1331 1185 1461 1251 signa,
1474 1186 1726 1251 congressus,
1741 1202 1926 1252 pugnas,

38 1251 202 1319 strageS,
220 1256 415 1303 victorias
428 1255 620 1319 ,legatos
634 1286 648 1311 ,
665 1254 856 1310 vrbium,
867 1254 1152 1302 castrorumue
1164 1254 1432 1304 conditiones
1444 1285 1458 1310 ,
1471 1258 1837 1321 oppugnationes,
1852 1274 1923 1303 ex-

38 1325 322 1388 pugnationes
337 1357 351 1380 ,
369 1323 629 1388 direptiones
644 1324 972 1380 ‚demolitiones
988 1355 1001 1378 ,
1016 1323 1122 1371 saeue
1140 1332 1182 1372 δε
1199 1326 1431 1373 clementer
1445 1340 1729 1391 vtrorumque
1745 1325 1893 1390 gestae..
1909 1357 1926 1382 ,

38 1405 214 1458 pontes,
232 1396 465 1441 fluuiorum
482 1396 742 1441 tranationes
754 1425 768 1448 ,
784 1394 962 1441 nauium
973 1393 1155 1450 formas,
1167 1393 1354 1460 trophaea
1367 1395 1634 1461 ,triumphos
1647 1425 1661 1449 ,
1677 1395 1926 1459 gratulatio-

38 1478 120 1519 nes,
133 1465 366 1529 congiaria,
383 1463 615 1525 &demum
627 1461 938 1528 stipendiorum
952 1462 1186 1511 solutiones
1200 1462 1585 1529 deprehendemus,
1599 1472 1642 1511 ὃ(
1654 1466 1772 1527 plura
1783 1462 1928 1511 huius-

33 1532 150 1579 ¹modi
168 1563 183 1588 ,
212 1549 309 1598 quae
325 1534 592 1598 antiquitatis
608 1532 776 1581 studiosi
791 1533 949 1598 paffim
975 1531 1297 1598 elegantissimis
1311 1532 1569 1581 fimulachris
1599 1533 1788 1581 absoluta
1801 1532 1928 1579 doce-

37 1601 213 1651 buntur:
229 1618 275 1651 vt
290 1602 375 1650 haec
389 1602 478 1650 sola
491 1604 715 1651 Columna
726 1606 874 1650 cunita
891 1602 1023 1650 ferme
1040 1602 1098 1648 ob
1111 1603 1260 1650 oculos
1276 1617 1414 1667 ponat
1429 1632 1442 1657 ,
1459 1620 1556 1667 quae
1571 1605 1682 1650 inter
1697 1605 1831 1650 varias
1848 1618 1923 1648 an-

37 1673 244 1736 tiquitatis
259 1675 458 1738 reliquias
472 1671 554 1720 fint
566 1672 727 1738 vbique
743 1673 939 1720 locorum
954 1670 1144 1736 dispersa.
1159 1670 1275 1720 Cum
1293 1687 1435 1719 autem
1450 1690 1524 1738 per
1541 1686 1606 1719 tot
1619 1670 1765 1719 saecula
1780 1671 1923 1721 nullus

37 1741 319 1807 excogitasset,
336 1758 380 1789 vt
395 1743 481 1791 haec
496 1744 541 1789 in
555 1742 780 1809 publicum
792 1741 1012 1808 prodirent
1028 1758 1038 1787 :
1054 1741 1246 1807 Raphael
1269 1740 1448 1789 Vrbinas
1463 1740 1758 1790 celeberrimus
1771 1745 1928 1807 piotor,

37 1819 73 1859 Sc
91 1812 179 1859 eius
195 1812 391 1878 discipuli
408 1813 541 1860 Iulius
560 1816 787 1861 Romanus
800 1843 813 1867 ,
840 1821 881 1861 δέ
907 1815 1089 1859 Ioannes
1107 1810 1348 1858 Franciscus
1366 1811 1612 1877 Polydorus
1629 1843 1643 1868 ,
1673 1810 1811 1858 multa
1829 1809 1927 1858 dili-

36 1881 192 1946 gentia,
209 1881 426 1949 operaque
441 1881 646 1938 adhibita,
660 1881 972 1948 antigraphiam
990 1881 1113 1928 huius
1132 1881 1362 1929 Columnae
1377 1896 1587 1929 extraxere
1601 1912 1614 1937 ,
1631 1882 1765 1930 multa
1779 1896 1828 1928 ex
1844 1879 1931 1929 ea:

31 1952 78 1999 in
90 1951 186 2000 suos
200 1952 296 2002 vsus
311 1961 354 2000 δε
368 1954 551 2018 picturas
566 1985 579 2009 ,
593 1953 820 2001 &illarum
835 1953 1098 2001 venustatem
1114 1959 1157 1999 &
1174 1966 1426 1998 ornamenta
1451 1950 1745 1999 transferentes
1765 1983 1776 1997 .
1815 1951 1926 1997 Sunt

18 2022 149 2069 -enim
170 2023 216 2069 in
232 2023 454 2071 Columna
471 2023 524 2070 ab
540 2022 897 2070 excellentissimis
914 2020 1140 2069 artificibus
1155 2020 1318 2086 singula
1332 2019 1540 2067 elaborata
1555 2051 1568 2075 ,
1585 2018 1896 2082 absolutaun„
1911 2056 1927 2072 .

36 2090 278 2141 Franciscus
293 2095 424 2140 etiarn
444 2124 457 2148 ,
472 2097 568 2143 Rex
585 2093 812 2140 Gallorum
830 2123 844 2147 ,
860 2106 907 2140 vt
923 2105 1007 2139 erat
1021 2091 1208 2155 ingentis
1225 2091 1356 2136 animi
1374 2120 1387 2144 ,
1402 2089 1750 2155 antiquitatisque
1765 2086 1929 2135 studio-

30 2159 130 2222 sus,
158 2161 235 2209 sub
253 2161 560 2211 Pontificatum
586 2164 708 2211 Pauli
726 2163 859 2222 Tertii
888 2162 1022 2225 coepit
1038 2179 1086 2206 ex
1098 2178 1174 2206 aere
1198 2160 1365 2224 aliquot
1382 2160 1615 2207 Columnae
1629 2156 1925 2224 portiunculas

36 2230 229 2287 conflare
242 2264 256 2289 ,
271 2248 320 2280 vt
336 2234 545 2298 integram
560 2251 610 2280 ex
625 2249 702 2280 aere
718 2233 855 2279 Gallis
873 2233 1028 2296 erigere
1041 2229 1174 2294 posset
1190 2247 1201 2275 ε
1218 2228 1286 2275 sed
1300 2243 1372 2275 aut
1387 2227 1686 2294 magnitudine
1700 2227 1784 2281 rei,
1799 2240 1928 2291 atque

36 2300 245 2366 dispendii
262 2301 485 2350 deterritus
499 2334 514 2358 ,
528 2304 597 2351 vel
612 2316 751 2349 morte
770 2314 1009 2365 prceuentus
1026 2329 1040 2354 ,
1057 2316 1148 2346 non
1171 2299 1315 2363 potuit
1329 2297 1529 2363 perficere
1543 2331 1554 2353 ,
1571 2297 1689 2362 quod
1706 2310 1895 2361 coeperat
1912 2331 1926 2345 .

30 2372 256 2419 'Postremo
272 2373 566 2438 Hieronymus
583 2373 812 2421 Mutianus
830 2371 965 2431 pistor
983 2373 1136 2416 Romae
1152 2367 1457 2432 insignissimus
1469 2398 1483 2422 ,
1497 2373 1541 2414 in
1557 2384 1648 2431 quo
1664 2364 1769 2431 quid
1783 2367 1927 2431 potius

37 2439 333 2494 commendes,
351 2450 393 2489 ὅ(
409 2438 642 2496 admireris,
657 2440 841 2496 nescias,
857 2454 929 2487 aut
943 2441 1041 2484 artis
1058 2437 1275 2485 summam
1291 2438 1486 2502 peritiam
1498 2466 1511 2492 ,
1527 2450 1600 2483 aut
1613 2436 1833 2501 religionis
1849 2431 1929 2479 ob-

38 2509 309 2565 seruantiam,
326 2528 466 2558 mores
484 2510 803 2560 candidissimos
815 2541 828 2565 ,
843 2507 1082 2572 multasq'ue
1095 2508 1194 2555 alias
1210 2507 1346 2552 animi
1363 2514 1405 2553 &1
1420 2507 1608 2572 corporis
1621 2501 1925 2568 dote5,quibus

38 2594 213 2634 ornatus
231 2580 389 2636 existit,
410 2582 454 2627 in
481 2578 698 2645 publicam
717 2577 1072 2626 commoditatem
1091 2584 1134 2624 δέ
1152 2577 1381 2624 vtilitatem
1395 2577 1575 2641 pariter,
1595 2577 1639 2621 in
1665 2590 1717 2622 aes
1743 2576 1932 2621 cuncta„

41 2650 274 2698 Columna:
290 2650 538 2698 simulachra
554 2652 788 2714 exprimi&
808 2647 936 2695 incidi
948 2647 1062 2702 fecit,
1077 2648 1226 2693 multis
1241 2644 1483 2709 sumptibus
1498 2646 1542 2692 in
1557 2643 1604 2691 ea‘l
1621 2662 1662 2691 re
1678 2641 1927 2696 fadis,mul-

41 2718 178 2782 tisque
194 2719 411 2777 laboribus
431 2728 473 2767 S<
487 2719 810 2784 fatigationibus
825 2717 1022 2781 susceptis
1038 2749 1048 2760 .
1092 2721 1197 2778 Qo
1224 2714 1317 2762 solo
1334 2717 1530 2769 nomine,
1544 2715 1685 2760 cunffl
1702 2710 1869 2759 studiosi
1886 2718 1929 2757 &

40 2789 258 2836 literarum
274 2804 499 2844 amatores,
511 2789 649 2836 eidem
666 2788 861 2847 obnoxii,
878 2795 919 2834 Sc
937 2789 980 2832 in
997 2800 1252 2850 perpetuum
1268 2783 1605 2839 deuineti,futuri
1621 2781 1698 2830 effe
1712 2781 1933 2832 deberent.

40 2860 181 2919 Huius
198 2861 325 2924 igitur
340 2859 550 2924 precibus,
569 2857 895 2921 amicorumque
915 2857 1101 2910 hortatu,
1116 2855 1264 2902 breues
1281 2855 1372 2909 has,
1388 2856 1571 2909 ieiunas,
1584 2860 1625 2900 δε
1643 2851 1795 2900 steriles
1808 2867 1931 2897 com-

42 2921 400 2988 mentatiunculas
417 2928 581 2976 confeci
605 2930 652 2974 in
670 2930 938 2975 Columnam
954 2926 1129 2973 Traiani
1141 2924 1342 2988 Augusti,
1357 2940 1411 2971 ne
1427 2925 1518 2973 vllo
1534 2920 1801 2970 adminiculo
1811 2917 1931 2965 desti-

42 3011 136 3045 tuta
152 2999 197 3045 in
214 2999 353 3046 lucem
371 2998 571 3063 prodiret,
587 2999 632 3044 in
647 2997 806 3062 quibus
825 2999 975 3059 vtique
991 3011 1082 3042 non
1099 2995 1221 3057 potui
1235 3010 1326 3040 non
1342 2991 1566 3059 saepissime
1575 2990 1773 3040 deuinare
1785 2997 1827 3035 δε
1838 2986 1931 3032 hal-

39 3065 216 3115 lucinari
232 3099 245 3121 ,
259 3069 461 3133 quodssres
476 3065 572 3116 esset
588 3067 808 3114 recondita
822 3074 864 3113 &
878 3063 1061 3117 abstrusa
1073 3061 1169 3110 satis
1180 3093 1195 3117 ,
1220 3061 1626 3127 commentarijsque
1642 3059 1936 3108 historiarum..

26 3136 233 3185 “destituta
249 3170 260 3181 ·
306 3138 493 3188 Proinde
509 3137 728 3205 ignoscent
740 3167 754 3192 ,
769 3133 1016 3198 dabuntque
1032 3134 1206 3182 veniam
1219 3131 1429 3200 siquando
1443 3133 1697 3200 impegerim
1708 3126 1937 3190 neuqua..

37 3203 141 3261 verb
157 3238 170 3263 ,
187 3209 406 3270 literarum
421 3207 590 3273 studiofi
608 3203 924 3275 aequibonique
940 3204 1184 3266 consulent.
1215 3244 1218 3248 .

339 3285 342 3287 ψ
642 3272 647 3279 ·
1047 3286 1070 3314 2
1586 3261 1903 3322 COLVMNAE
