2221 3512
96 120 245 166 socium
260 127 299 166 &
313 136 464 179 parem,
476 123 607 167 secum
628 123 841 167 consedere
856 125 975 168 faciat
1003 128 1181 183 suggesto
1198 156 1210 175 ‚
1243 129 1584 188 eodemque'se‘dis
1602 144 1746 188 genere
1761 137 1967 191 dignetur,

31 233 34 236 ἢ
96 182 241 224 eisdem
258 184 490 229 vestibus‚&
504 197 644 225 ornatu
663 213 672 222 .
706 184 886 226 Paludari
902 187 1007 225 enim
1027 190 1197 242 Vtrique,
1211 187 1300 229 latis
1312 190 1490 234 clauis&
1506 192 1646 233 balteis
1661 194 1828 247 insigniti
1843 210 1963 238 erant.

97 242 188 282 Hoc
203 240 355 282 tantum
372 240 500 283 Caesar
525 242 676 282 honore
694 242 876 296 praeccdit
893 243 1058 284 Lucium
1070 270 1085 288 7
1116 245 1225 299 quod
1242 246 1380 288 dexter
1393 247 1546 293 sedeat,
1573 249 1734 291 Caesaris
1750 251 1961 294 finisti-am)

75 298 256 340 ·elaudat
271 328 282 338 .
320 300 442 340 Sedes
457 299 784 343 autcm‚eburneae
804 298 931 340 forsan
946 326 958 344 ,
989 302 1052 341 vel
1066 302 1138 342 alia
1155 303 1330 356 praetiosa
1346 307 1507 346 materia
1529 306 1714 349 confcnae
1740 325 1748 346 :
1773 312 1959 363 opercula

94 355 237 398 sericea
254 359 387 397 floccis
411 359 615 411 purpureis
641 357 904 411 pendentibus
919 358 1093 399 diitincla
1110 390 1119 398 .
1158 360 1359 402 Carebant
1387 362 1616 405 huiusmodi
1645 364 1820 407 subsellia
1844 366 1958 409 fillei-

92 416 235 455 mentis
250 415 426 470 vndique
442 440 455 460 ‚
484 414 534 454 ad
561 428 647 469 quae
667 415 826 455 brachia
850 419 888 455 ὅ(
905 416 1068 469 scapulae
1084 418 1261 458 reclinari
1276 417 1429 472 possent
1445 449 1455 459 .
1494 419 1728 475 Neceffarijs
1753 427 1954 469 contenti,

93 472 256 513 delicias
272 476 310 513 δε
325 473 462 513 luxum
475 473 741 526 Imperatores
757 472 873 525 probi
887 473 926 512 in
944 474 1074 514 castris
1090 476 1228 529 vtique
1244 476 1495 518 declinabant
1507 507 1516 516 .

30 526 98 575 ¹66
124 532 229 585 Equi
249 529 408 571 Caesaris
424 531 553 571 aureis
568 533 606 570 ὃς
623 528 778 570 sericeis
796 530 970 584 stragulis
984 533 1110 572 ornati
1126 557 1138 576 2
1154 533 1326 586 phaleris
1340 559 1352 578 ,
1367 533 1494 575 fraenis
1507 561 1518 579 ‚
1534 535 1712 581 habenis,
1728 540 1952 591 pectotis,&

92 588 224 629 caudae
239 588 334 628 loris
353 613 365 631 ‚
390 602 477 642 quae
496 588 708 642 pestoralia
725 590 764 629 δε
782 586 804 627 s
800 587 1032 630 ubcaudalia
1045 603 1124 630 non
1137 589 1270 644 inepte
1285 590 1364 630 dici
1381 591 1534 646 possent
1549 619 1561 637 2
1579 595 1745 636 instructi
1762 620 1773 640 >
1789 595 1812 635 a
1827 595 1954 638 Caesa-

93 648 143 688 ris
158 645 336 685 ministris
353 645 484 686 labara
498 646 737 700 gestantibus
752 670 764 689 ,
783 648 903 686 tenti.

28 707 88 756 167
121 704 271 744 Labara
288 702 369 743 duo
387 729 399 749 2
415 703 580 744 alterum
600 703 748 757 insigne
760 704 948 757 principis
968 717 1126 745 aureum
1144 730 1156 749 ‚
1168 707 1350 758 gemmis,
1362 708 1587 755 vnionibus‚
1603 713 1642 750 &
1654 723 1823 763 purpura
1839 724 1955 752 orna-

94 773 178 802 tum
192 787 203 806 ,
219 773 309 801 ante
326 759 521 802 Caesarem
538 761 675 815 gestari
690 760 848 801 solitum
863 786 876 805 ‚
904 761 1046 802 lanceae
1063 761 1224 816 cuspide
1236 764 1412 817 pendens
1428 790 1438 809 2
1456 764 1580 817 fascijs
1592 768 1776 821 vtrinque
1800 770 1954 808 fluenti-

90 819 165 860 bus
183 819 376 859 decorum
390 834 399 861 5
413 831 527 860 tantae
542 818 638 858 olim
653 818 945 858 existimationis
958 844 970 863 ‚
987 833 1030 860 vt
1047 818 1069 859 a
1086 821 1242 860 militari
1260 821 1374 862 turba
1389 823 1644 869 adoraretur,
1667 837 1884 879 caeteraque
1906 825 1952 866 fi-

89 889 168 931 gna
183 876 232 916 ad
248 878 331 917 eius
348 875 587 930 praesentiam
603 875 836 916 inclinarent
850 904 860 914 .
893 874 1076 918 Alterum
1089 877 1384 932 autem2ins1gne
1399 893 1481 921 erat
1491 882 1600 931 Lucij
1618 880 1795 923 Praefec‘ti
1807 908 1819 926 2
1832 896 1951 923 cum.»

90 933 244 975 Caesare
259 936 299 974 in
316 947 360 974 ea
377 935 632 989 expeditione
648 934 866 977 militantis,
883 933 994 974 ducis
1006 936 1169 988 quidem
1185 936 1438 982 strenuissimi,
1455 938 1699 984 rubeu1n‚seu
1715 942 1954 985 flammeum,

89 992 140 1033 ab
158 991 375 1046 splendenti
394 992 585 1032 rubedine
601 993 655 1031 ita
672 1003 854 1032 vocatum
872 1020 882 1030 .
915 991 1109 1033 Labarum
1125 995 1231 1034 enim
1246 995 1411 1035 Senatus
1426 1008 1656 1050 argenteum
1668 996 1744 1037 fuit
1755 1023 1766 1042 ‚
1779 1000 1952 1051 Impera-

91 1050 188 1091 toris
206 1063 365 1090 aureum
380 1076 390 1094 ³
417 1050 528 1090 ducis
559 1048 725 1090 rubeum
742 1075 754 1093 ,
779 1046 899 1089 claffis
925 1050 1131 1091 caeruleum
1147 1080 1156 1089 .
1200 1051 1341 1092 Labari
1369 1053 1612 1107 Imperatorij
1646 1054 1790 1095 deinde
1819 1056 1912 1096 loco
1937 1081 1952 1100 ‚

91 1107 372 1148 Constantinus
385 1107 585 1161 Augustus
599 1108 743 1148 Crucis
762 1105 910 1159 insigne
925 1106 1025 1148 iuffit
1035 1107 1487 1162 praefe1·ri:religi0fiffimi
1502 1113 1689 1167 principis
1702 1111 1897 1166 specimen
1907 1114 1951 1154 in

26 1206 28 1218 J
87 1178 134 1205 ea
150 1178 192 1206 re
207 1165 396 1206 exhibens
411 1194 420 1204 .
463 1167 613 1206 Harum
640 1178 768 1205 rerum
794 1164 980 1204 authores
1006 1164 1092 1207 sunt
1109 1192 1121 1211 ‚
1146 1167 1410 1207 Tertullianus
1434 1170 1476 1208 in
1493 1169 1762 1224 Apologetieo
1778 1184 1863 1225 cap.
1886 1175 1950 1210 16.

26 1268 28 1270 ,
88 1223 221 1263 Diuus
237 1221 467 1263 Ambrosius
492 1223 533 1262 in
548 1222 730 1276 Epistolis
743 1248 756 1266 2
779 1222 1025 1263 Sozomenus
1039 1225 1079 1264 in
1095 1224 1264 1265 Historia
1281 1225 1493 1278 Tripartita
1517 1227 1586 1266 lib.
1609 1241 1641 1267 1.
1658 1241 1742 1281 cap.
1763 1241 1826 1276 15-
1854 1230 1951 1268 Pru-

90 1281 246 1320 dentius
262 1281 332 1320 lib.
356 1295 388 1319 1.
406 1292 542 1320 contra
554 1280 834 1334 Symmachum
846 1304 858 1323 2
887 1279 1118 1322 Ammianus
1134 1282 1391 1322 Marcellinus
1402 1281 1472 1322 lib.
1489 1288 1552 1322 16.
1592 1286 1809 1338 Procopius
1824 1284 1948 1335 lib.4.

87 1339 301 1390 Eutropius
322 1340 360 1378 in
376 1340 471 1378 Vita
487 1338 734 1380 Constantini
752 1337 914 1390 Magni.
1228 1377 1232 1380 ,

30 1401 58 1425 '³‘
117 1395 311 1450 L'insegna
327 1396 519 1435 chiamata
534 1394 663 1434 labaro
679 1394 810 1446 nonfh
823 1407 868 1432 ne
879 1395 986 1449 tempi
999 1396 1039 1436 di
1053 1394 1223 1438 Traiano
1238 1424 1251 1444 2
1272 1395 1336 1436 md
1351 1396 1392 1437 di
1410 1395 1614 1447 costamine
1626 1426 1638 1445 2
1655 1398 1779 1453 prima
1793 1398 1954 1454 dic-euasi

84 1454 275 1495 vexillum
288 1479 300 1497 2
317 1457 355 1493 δε
371 1452 578 1493 vexilliferi
586 1453 641 1507 gli
655 1452 785 1508 Affieri
795 1482 805 1491 .

30 1514 85 1552 ‘68
116 1511 351 1551 Sacerdotes
367 1511 529 1551 laureati
547 1537 560 1555 ,
589 1512 746 1565 rituque
762 1512 921 1553 Gabino
937 1510 1116 1554 succinc‘ti
1133 1540 1145 1558 ,
1162 1513 1340 1554 sollemni
1357 1512 1544 1555 sacrificio
1558 1515 1747 1560 affistunt,
1774 1516 1947 1570 hymnos

84 1565 213 1608 forsan
230 1595 240 1613 ,
256 1569 469 1623 laetumque
486 1568 610 1608 choro
632 1581 764 1621 paeana
780 1582 962 1611 canentes
978 1596 990 1614 ‚
1006 1570 1187 1625 precesue
1203 1571 1358 1625 aliquot
1376 1571 1566 1612 sacrificio
1581 1572 1758 1626 praesenti
1772 1574 1919 1614 dicatas
1933 1602 1947 1613 .

85 1627 250 1667 cinctus
264 1639 395 1666 autem
409 1625 821 1670 Gabinus‚vcst1·menti
839 1641 963 1681 genus
978 1641 1060 1669 erat
1071 1655 1083 1673 ,
1100 1642 1183 1684 quo
1196 1628 1432 1669 Sacerdotes
1448 1628 1636 1684 cuiusque
1650 1630 1755 1674 Dei,
1771 1632 1866 1670 ritus
1881 1656 1893 1675 ³
1905 1634 1946 1672 &

24 1682 26 1734 ζ
86 1684 244 1738 Templi
257 1685 400 1738 pariter
416 1683 650 1727 vtcbantur‚
673 1685 792 1739 quale
809 1687 860 1726 est
871 1686 1068 1727 camifium
1083 1687 1230 1728 lineum
1248 1686 1459 1728 candidum
1476 1713 1488 1732 2
1518 1700 1601 1742 quo
1614 1701 1716 1728 nunc
1735 1688 1946 1729 Christiani

89 1742 234 1782 vtimur
249 1741 485 1782 Sacerdotes
501 1767 512 1785 ‚
526 1741 575 1781 ab
592 1741 715 1785 Italis,
733 1744 870 1788 Cotta,
885 1745 934 1784 ab
949 1743 1131 1798 Hispanis
1147 1743 1285 1785 reftiiis
1296 1744 1401 1784 Alua
1416 1772 1428 1789 ,
1441 1757 1629 1786 vocatum
1646 1773 1656 1783 .
1686 1745 1736 1785 Et
1750 1743 1839 1786 ciim
1855 1744 1948 1788 elset

84 1800 210 1839 latum
224 1826 236 1844 ,
251 1798 434 1854 adeoque
449 1798 669 1852 oblongum
687 1825 698 1843 2
715 1812 758 1841 vt
772 1800 999 1842 discinctum
1013 1816 1081 1856 per
1094 1801 1219 1842 solum
1230 1802 1447 1843 traheretur
1458 1828 1470 1846 ³
1491 1803 1622 1857 postea
1637 1804 1805 1843 cinetum
1821 1828 1833 1847 a
1849 1816 1947 1856 pen-

82 1857 243 1897 dentem
257 1856 369 1910 supra
382 1857 585 1910 cingulum
596 1855 767 1899 faciebat
789 1859 964 1915 vndique
981 1859 1103 1900 sinum
1117 1890 1127 1898 .
1164 1861 1246 1911 Qui
1257 1861 1355 1900 ritus
1365 1859 1595 1915 perhibetur
1604 1858 1717 1901 fuisse
1733 1860 1912 1902 Gabinus
1928 1876 1938 1904 ς

86 1914 111 1955 εὶ
129 1914 395 1969 Romanisque
408 1915 611 1968 vsurpatus
624 1941 635 1958 ,
654 1928 696 1954 vt
710 1916 844 1957 Liuius
862 1918 902 1957 in
924 1930 958 1966 ς.
973 1920 1010 1957 &
1028 1919 1216 1971 Virgilius
1230 1919 1269 1958 in
1285 1931 1324 1967 7.

373 1972 454 2025 Ipfi’
478 1972 678 2028 eritzati
692 1973 821 2013 trabea
840 2000 851 2018 2
868 1974 1058 2028 cinc'Yuque
1068 1975 1208 2015 Gabino

377 2034 401 2071 I
404 2028 538 2084 nstgrzii‘
557 2057 568 2075 ,
584 2029 931 2081 rifferatstridentia
948 2033 1078 2072 limina
1095 2033 1227 2084 Corfitl
1240 2062 1250 2073 .

86 2088 191 2130 Vide
203 2088 401 2128 Blondum
413 2088 482 2128 lib.
502 2103 516 2127 1
526 2119 535 2127 .
550 2089 682 2128 Romae
695 2090 989 2143 Triumphantis
1006 2119 1015 2128 .
1046 2094 1168 2132 Fuere
1184 2103 1314 2132 autem
1327 2089 1549 2133 huiusmodi
1561 2090 1817 2130 Sacerdotum
1830 2088 1941 2130 vesti·-

79 2159 211 2186 menta
224 2172 236 2190 2
252 2147 368 2190 linea,
381 2146 484 2190 alba,
501 2146 693 2200 nulloque
710 2146 863 2200 prorsus
879 2148 1015 2188 colore
1031 2147 1174 2189 infecta
1191 2179 1200 2188 .
1506 2192 1509 2194 ,

22 2212 53 2247 »6
59 2220 80 2256 9
113 2204 319 2244 Labellnm
332 2217 475 2245 :ereum
489 2229 501 2248 ,
519 2216 751 2257 argenteum
767 2230 778 2248 ³
795 2205 859 2245 vel
875 2219 1035 2246 aureum
1048 2232 1059 2250 ‚
1075 2205 1297 2250 frondibus,
1314 2207 1491 2252 floribus,
1503 2209 1540 2247 Sc
1556 2203 1794 2260 praecocibus
1807 2201 1942 2243 fructi-

83 2263 157 2303 bus
171 2263 331 2316 plenum
343 2287 354 2305 ‚
374 2261 395 2301 a
411 2261 626 2302 Sacerdote
638 2275 837 2315 portatum
850 2288 861 2306 2
879 2275 920 2302 vt
948 2264 1037 2315 Dijs
1062 2278 1256 2305 nouorum
1272 2262 1467 2305 fruetuum
1484 2264 1663 2318 primitiaz
1677 2261 1915 2302 sacrarentur
1928 2285 1941 2299 .

85 2322 190 2361 Hinc
207 2332 338 2359 autern
354 2318 481 2360 forsan
499 2319 633 2372 colligi
649 2320 772 2372 potest
789 2346 800 2362 2
817 2319 884 2360 sub
901 2322 1059 2361 initium
1070 2323 1171 2362 vetis
1183 2322 1282 2362 hanc
1297 2322 1319 2362 a
1335 2323 1555 2362 Traianoin
1568 2323 1702 2361 Dacos
1718 2317 1940 2373 expeditio-

85 2391 175 2418 nem
189 2376 401 2430 susceptam
413 2403 424 2421 ,
442 2376 530 2418 ciun
545 2376 712 2431 primum
731 2375 877 2417 fruetus
897 2377 1154 2419 maturescere
1170 2392 1373 2433 coeperant
1389 2409 1399 2416 .

30 2449 84 2487 70
116 2438 196 2476 Vas
211 2447 370 2475 aureum
383 2460 395 2478 2
408 2435 469 2473 vel
493 2447 743 2488 argenteum,
759 2448 868 2489 aqua:
880 2436 1023 2476 lustrali
1039 2437 1284 2477 continendae
1302 2463 1314 2482 ³
1331 2450 1416 2491 quae
1431 2437 1472 2476 in
1486 2435 1668 2476 sacrificia
1682 2459 1693 2477 ,
1720 2435 1758 2475 &
1783 2433 1914 2473 locum
1926 2458 1939 2477 a

84 2493 152 2535 vbi
167 2491 315 2532 fiebant
328 2517 340 2536 ,
354 2493 444 2532 &in
460 2492 970 2546 cii-cumstantes‚expi'andis
987 2493 1481 2548 criminibusspargebatur
1495 2508 1504 2536 3
1520 2490 1858 2548 quemadmodum
1869 2504 1943 2530 nos

86 2550 296 2592 Christiani
311 2574 323 2593 2
349 2563 452 2604 aqua
465 2548 668 2589 benedieta
679 2575 692 2593 2
708 2549 758 2589 ad
774 2550 958 2592 eluendas
969 2551 1078 2592 leues
1091 2554 1211 2592 animi
1223 2551 1356 2592 sordes
1372 2577 1383 2596 2
1396 2551 1613 2606 locumque
1628 2548 1815 2601 contagio
1828 2548 1941 2588 mali-

85 2620 255 2662 gnorum
274 2605 478 2660 spirituum
506 2607 753 2660 purgandum
770 2633 782 2652 2
799 2610 838 2648 &
863 2609 903 2648 in
931 2606 1044 2649 sacris
1060 2621 1143 2650 tum
1168 2608 1418 2664 frequenter,
1438 2621 1522 2649 tum
1543 2606 1753 2649 efficaciter
1768 2606 1913 2647 vtimur
1929 2632 1942 2644 .

85 2666 264 2706 Ethnicis
281 2677 413 2704 autem
433 2663 647 2718 superstitio
661 2666 785 2705 inanis
798 2668 837 2706 ἃ
850 2664 1228 2711 inefficaxfuit‚ficut
1239 2678 1375 2718 caetercg
1391 2666 1592 2719 religionis
1607 2664 1669 2717 sug
1682 2661 1940 2714 obseruantie.

35 2739 57 2777 7
69 2739 86 2765 1
120 2727 231 2776 Popa
246 2720 468 2762 seminudus
485 2725 523 2762 &
543 2718 756 2763 succinetus
768 2749 780 2767 ‚
800 2723 969 2764 minister
989 2723 1185 2765 sacrorum
1198 2750 1210 2768 ,
1231 2725 1343 2765 lauro
1353 2724 1559 2766 redimitus
1570 2750 1584 2770 2
1599 2724 1668 2778 qui
1685 2721 1857 2764 victimas
1871 2732 1942 2761 ve-

91 2782 198 2823 nales
214 2779 385 2821 habebat
397 2805 409 2824 2
427 2781 500 2820 aris
516 2779 705 2832 alligabat
719 2806 730 2824 2
744 2778 993 2835 feriebatque
1005 2807 1018 2825 2
1032 2794 1074 2822 vt
1086 2783 1314 2836 Propertius
1329 2781 1399 2822 lib.
1410 2795 1453 2834 4.

372 2837 622 2890 SuccinHique
635 2837 756 2877 calent
769 2838 823 2877 acl
839 2851 931 2878 noua
943 2838 1048 2878 lucra
1064 2842 1163 2892 Popae
1178 2869 1189 2878 .

83 2896 302 2937 Suetonius
317 2895 459 2936 horum
476 2895 657 2935 meminit
671 2896 712 2935 in
726 2896 818 2936 Vita
833 2895 1026 2950 Caligulae
1036 2922 1049 2941 2
1064 2899 1103 2937 &
1115 2897 1341 2950 Spartianus
1356 2898 1398 2937 in
1413 2897 1517 2937 Geta
1528 2925 1539 2936 .

29 2965 83 3004 72
118 2955 254 2994 Limus
265 2978 277 2996 2
289 2965 414 3006 genus
432 2952 560 2997 vestis,
571 2966 651 3007 qua
664 2954 780 3007 Popae
798 2953 1007 2995 vtebantut
1017 2955 1192 2995 vietimas
1207 2952 1423 2995 confesturi
1435 2980 1447 2999 2
1463 2954 1513 2996 ab
1524 2952 1714 2996 vrnbilico
1730 2952 1780 2994 ad
1791 2949 1940 2991 medias

85 3010 206 3066 vsque
218 3010 332 3050 tibias
348 3008 610 3055 descendens,
627 3022 670 3052 vt
688 3010 847 3051 illorum
858 3010 1045 3065 pudenda
1057 3023 1307 3065 tegerentur,
1324 3011 1472 3052 habens
1485 3013 1526 3054 in
1539 3024 1716 3053 extremo
1731 3010 1786 3052 sui
1796 3021 1938 3063 purpu-

83 3081 168 3110 ram
179 3068 313 3110 limam
328 3095 341 3114 2
365 3069 463 3109 idest
477 3066 686 3108 flexuosam
699 3093 712 3113 ‚
733 3069 837 3109 vnde
850 3072 889 3110 δε
901 3081 1048 3109 nomen
1062 3070 1241 3123 accepit,
1265 3083 1356 3112 nam
1367 3071 1508 3113 limum
1529 3069 1738 3127 obliquum
1752 3067 1918 3109 dicimus
1929 3092 1941 3104 -

23 3144 25 3146 ’
81 3127 213 3169 Huius
228 3128 382 3178 generis
392 3126 506 3168 vestis
523 3126 703 3167 meminit
716 3126 907 3179 Virgilius
920 3127 959 3167 in
980 3139 1044 3166 12.

90 3224 94 3228 ,
368 3187 403 3224 V
405 3184 493 3225 elati
508 3183 595 3225 limo
607 3209 620 3231 2
636 3184 684 3229 ὼ
699 3183 864 3228 verbena
877 3194 1039 3238 tempora
1051 3182 1174 3225 vinHi
1187 3214 1199 3224 .

81 3235 122 3284 ’ἃ
133 3238 290 3302 Seruius
304 3239 476 3302 ibidem.v
546 3242 549 3243 ⁷
698 3239 709 3243 “
730 3241 735 3243 ’
799 3242 802 3244 ’
1115 3241 1144 3284 b
1201 3254 1227 3298 2
1694 3251 1745 3293 73
1783 3235 1893 3280 The-
