2221 3512
333 137 470 204 AD
561 136 1086 202 TABELLAM
1176 138 1512 205 ILIADIS
1723 164 1837 225 371

17 255 34 286 ἢ
348 251 546 303 Extulit,
559 269 603 298 ac
615 251 733 297 lateri
747 250 883 316 capulo
900 266 1011 296 tenus
1025 245 1186 297 abdidit
1204 251 1334 316 ensem
1345 281 1357 292 .

351 322 451 366 Haec
460 318 561 384 finis
579 319 921 384 Priamifhtorum
936 352 948 365 .

73 402 215 450 neque
230 385 313 432 hoc
327 385 563 435 secundum
580 386 768 435 Leschen
783 419 796 441 ‚
813 389 834 433 ἐ
850 389 970 434 cuius
984 387 1288 436 traditionibus
1305 388 1474 437 Tabula
1492 386 1631 436 nostra
1646 389 1922 455 composita-L

73 455 255 513 dicitur3
285 456 464 505 Lesches
486 459 602 504 enim
617 489 630 512 ‚
657 474 705 505 vt
728 456 786 505 est
803 457 916 522 apud
948 455 1204 507 Pausaniam
1216 459 1334 506 dieto
1351 459 1423 506 lib.
1438 465 1494 507 Χ.
1507 457 1661 512 mado,
1683 464 1922 513 Priamum,

70 543 147 573 non
162 526 224 573 ad
232 533 336 573 Iouis
353 532 500 574 Hercei
513 528 757 611 aramsusffl
772 525 1017 575 trucidatum
1032 558 1046 582 ,
1067 527 1145 592 sed
1173 528 1412 606 obstrue—burn
1426 528 1474 575 ab
1491 532 1538 577 eci
1551 560 1564 583 ,
1593 546 1674 593 quae
1698 538 1815 576 iuxta
1830 546 1917 594 atrq

65 593 172 659 fores
189 613 269 642 erat
295 599 474 645 extrnila
486 627 500 651 ,
527 594 678 645 obiter
661 617 686 644 a
705 598 961 659 Neoptolemo
974 596 1255 660 interfittunn
1283 599 1417 646 nimis
1433 600 1518 649 iam
1532 597 1744 652 recidiuo,
1759 607 1802 646 δε
1815 597 1922 645 adu-

16 673 32 705 t
76 665 247 712 lationis
263 668 331 727 (vt
348 665 485 714 modo
500 666 608 728 dixi)
626 666 852 714 manifesto
869 667 1056 715 Graeculi
1073 666 1243 714 artificis
1257 666 1402 734 lapsu·

16 734 17 739 ¹
137 739 276 783 Aram
293 736 403 783 hanc
418 734 605 785 Aedibus
617 745 660 784 in
676 735 814 802 medijs
835 734 1099 804 nudoquefitb
1117 735 1300 785 Aetheris
1319 756 1399 785 axe
1411 768 1426 791 ·,
1442 754 1544 784 cum
1561 738 1746 801 Virgilio
1763 739 1920 802 pariter

68 804 236 854 Tabula
252 806 392 854 nostra
405 807 590 854 collocat
605 824 615 854 :
630 809 783 854 Hercei
799 822 945 855 autem
961 807 1078 854 Iouis
1095 806 1215 855 fuisse
1229 839 1242 861 ,
1274 827 1326 855 ex
1341 809 1517 871 Qinto
1534 806 1639 854 vers.
1658 825 1714 855 22.
1728 827 1767 853 2.
1789 810 1806 871 (
1824 809 1922 855 laeui

67 874 229 922 mendo
246 882 410 924 Hermei
435 875 634 937 sublato)
660 894 709 924 ex
720 875 925 942 Euripide
942 878 985 923 in
1005 876 1164 928 Troad.
1183 877 1286 926 vers.
1306 879 1421 938 483.
1439 909 1453 932 ,
1482 877 1794 941 Tryphiodoro
1811 877 1917 924 vers.

67 948 133 995 62
141 962 183 1005 3
200 944 373 1010 alijstjue
383 946 580 1012 pluribus
597 948 757 994 Graecis
774 943 1065 1012 scriptoribus,
1078 947 1263 1004 constat3
1285 947 1377 994 imo
1389 978 1402 1001 ‚
1419 966 1470 994 ex
1486 950 1668 994 nomine
1686 946 1777 1013 ipso
1796 946 1921 995 indu-

65 1018 206 1072 citur3
232 1014 330 1064 ideo
349 1034 539 1083 namque
563 1020 767 1070 Herceus,
797 1031 842 1063 vt
867 1015 1051 1063 Suidas
1041 1034 1084 1062 in
1101 1017 1236 1066 verbo
1256 1022 1291 1063 E
1293 1017 1430 1075 'error
1457 1017 1549 1065 ZAEJ·
1567 1018 1640 1071 ait‚
1659 1017 1920 1074 vocabatur,

20 1100 37 1140 2
76 1086 178 1150 quia
194 1086 302 1133 intra
319 1086 504 1152 septum,
521 1086 642 1152 quod
660 1088 799 1134 Graeci
817 1100 974 1134 vocant
987 1083 1121 1146 dez&
1133 1117 1146 1139 ‚
1162 1094 1206 1133 ὃς
1221 1091 1264 1132 in
1281 1089 1381 1136 aula
1400 1093 1417 1148 <
1435 1104 1529 1151 quae
1545 1090 1742 1134 Homero
1759 1086 1925 1152 semper

64 1155 270 1203 subdialis
286 1157 364 1213 est,
392 1172 438 1205 vt
468 1157 640 1204 notauit
667 1156 890 1205 Atheneus
907 1156 981 1207 lib.
1000 1159 1055 1203 V.
1075 1161 1093 1215 )
1112 1157 1276 1204 cultum
1290 1155 1537 1203 obtinebat:
1564 1156 1678 1204 vnde
1696 1166 1736 1205 ὃς
1762 1157 1927 1211 Festus,

67 1229 247 1275 Herceus
262 1233 419 1291 Iupiter
437 1231 455 1288 (
471 1229 649 1292 inquit)
678 1227 787 1274 intra
801 1224 1023 1291 conseptum
1048 1223 1185 1272 domus
1207 1225 1396 1292 cuiusque
1412 1225 1603 1273 colebatur
1618 1257 1632 1280 ‚
1663 1244 1779 1292 quem
1809 1235 1926 1274 etiam

71 1302 202 1347 Deum
209 1298 447 1361 penetralem
462 1295 733 1362 appellabant3
752 1313 829 1345 nec
846 1294 927 1343 alifi
943 1297 1109 1342 ratione
1135 1299 1309 1343 maceries
1326 1295 1571 1361 quaeseptum
1587 1294 1724 1343 domus
1736 1295 1926 1344 ambiebat

71 1369 222 1415 Herceo
238 1373 326 1414 Iom
328 1367 487 1431 sacrata
502 1384 610 1422 erat,
627 1381 675 1413 vt
689 1369 748 1414 ait
765 1368 936 1415 Seruius
954 1364 1206 1413 Aeneid.11·
1224 1366 1328 1411 vers·
1345 1367 1459 1424 469.
1487 1365 1607 1413 Idem
1621 1365 1925 1413 simulachrum

72 1436 226 1483 Hercei
244 1437 361 1484 Iouis
377 1438 421 1483 in
448 1434 686 1501 spoliorum
704 1434 916 1483 diuisione
942 1435 1152 1483 Sthenelo
1176 1438 1368 1500 Capanei
1393 1433 1484 1481 filio
1503 1436 1686 1501 obtigit,
1703 1451 1751 1485 vt
1766 1435 1926 1484 Pausa-

31 1520 40 1556 ὲ
70 1507 164 1553 nias
188 1506 234 1552 in
252 1506 406 1553 Arcad.
423 1506 494 1553 lib.
515 1509 633 1555 VIII.
661 1505 901 1554 incidenter
915 1508 1001 1560 ait,
1025 1521 1074 1553 vt
1099 1505 1350 1570 Augustum
1375 1503 1570 1560 excuset,
1601 1508 1677 1570 qui
1709 1509 1925 1554 Mineruae

24 1571 25 1576 ¹
70 1576 206 1624 Soleae
217 1573 388 1642 fignum
404 1585 484 1632 ,δέ
500 1576 646 1623 dentes
663 1578 775 1640 Apri
796 1576 1034 1642 Calydonij
1050 1575 1072 1622 a
1091 1574 1236 1639 Tegea
1260 1574 1460 1629 abstulit3
1489 1583 1532 1622 δε
1545 1591 1669 1623 antea
1683 1575 1754 1622 lib.
1771 1580 1823 1623 ΙΙ.
1845 1578 1925 1624 in...

71 1645 277 1697 Corinth,
291 1647 382 1695 haec
397 1645 606 1693 notabilia
622 1644 675 1692 de
691 1646 848 1693 eodem
863 1645 976 1710 apud
992 1652 1138 1711 Argos
1155 1645 1360 1692 translato
1376 1644 1528 1701 habet,
1551 1654 1569 1693 Ι
1574 1644 1614 1692 bi
1631 1655 1736 1695 inter
1751 1648 1837 1693 alia
1854 1644 1926 1693 do-

71 1734 185 1765 naria
198 1747 213 1770 ‚
240 1723 478 1770 Iouisetiam
494 1716 728 1780 conspicitur
741 1718 914 1780 ligneum
924 1715 1222 1780 fimulacbrum
1236 1746 1250 1769 ,
1269 1715 1363 1762 duos
1384 1719 1431 1781 ijs
1447 1721 1487 1761 in
1501 1716 1594 1762 locis
1610 1714 1751 1764 habens
1767 1717 1893 1763 oculos
1911 1746 1927 1770 ,

26 1807 27 1811 ¹
72 1785 215 1854 quibus
230 1787 255 1833 ὰ
272 1791 425 1837 ηατιινᾶ
433 1793 528 1851 poni
534 1787 610 1851 sola
618 1804 678 1841 ηις
698 1794 864 1832 tertium
880 1783 975 1832 vero
989 1794 1032 1834 in
1034 1785 1178 1851 fronte
1189 1803 1203 1836 ,ε
1224 1793 1245 1832 I
1249 1804 1360 1832 ouem
1375 1784 1481 1832 hunc
1503 1791 1659 1833 Priamo
1676 1784 1927 1834 Laomedon-

75 1864 125 1905 tis
144 1861 198 1904 F.
209 1857 524 1923 patriumfntffe
535 1886 549 1910 ,
564 1864 621 1907 ἔθ’
638 1862 682 1902 in
701 1855 888 1918 aulafiab
903 1854 1116 1921 diostetiffie
1130 1863 1276 1903 aiunt.
1308 1859 1556 1919 Expugnato
1573 1857 1761 1921 insuper
1747 1875 1770 1902 a
1783 1859 1928 1903 Graecis

23 1926 29 1982 ¹,
76 1928 163 1974 Ilio
179 1957 193 1981 3
207 1924 260 1973 ad
276 1930 349 1975 hui
338 1948 396 1973 us
409 1945 519 1973 aram
535 1931 724 1975 Priamus
740 1926 941 1995 confugit:
949 1927 1090 1992 spolq's
1103 1943 1238 1972 autem
1257 1923 1399 1988 diuisis
1419 1955 1433 1979 ς,
1452 1925 1663 1975 Sthenelus
1680 1931 1856 1991 Capanei
1871 1927 1925 1970 F

29 2041 32 2045 .
75 2016 164 2044 eum
183 1996 356 2063 abripuit
372 2027 386 2051 ,
411 2007 469 2049 (φ
483 2015 522 2042 eo
528 2012 726 2061 propterea
751 1998 826 2042 loco
843 1997 894 2060 est
909 1994 1156 2046 dedtcatus.
1182 2000 1284 2041 Tres
1312 2014 1351 2041 a
1339 2011 1449 2040 uem
1477 1996 1601 2043 oculos
1618 1995 1660 2043 ob
1675 1994 1744 2044 has
1754 1994 1913 2062 firtaff
1910 2015 1927 2041 5

75 2067 225 2132 cauffas
239 2065 354 2114 haber
349 2087 376 2112 e
397 2086 485 2113 eum
500 2097 513 2120 ,
525 2082 576 2129 po
559 2067 651 2132 test
664 2070 830 2129 conqci·
873 2062 1012 2113 Primo
1024 2097 1038 2120 ,
1054 2084 1139 2113 vna
1154 2082 1235 2112 vox
1247 2072 1421 2111 omnium
1434 2064 1637 2113 hominum
1649 2069 1701 2135 est
1714 2097 1727 2121 ,
1744 2073 1893 2111 Iouem
1883 2084 1926 2112 m

75 2138 156 2186 caelo
167 2154 347 2204 regnare.
378 2134 530 2184 Deinde
550 2165 564 2189 2
580 2133 745 2202 qutfiaeb
750 2139 860 2185 terra*
880 2141 1025 2249 imper
1007 2153 1094 2184 tum
1107 2151 1218 2182 tenet
1231 2165 1249 2189 ,
1262 2141 1299 2182 is
1313 2152 1467 2202 quoquc
1487 2139 1660 2184 Homeri
1677 2136 1780 2201 ‘vers
1779 2156 1796 2181 ι
1813 2142 1834 2182 I
1839 2150 1928 2200 upz

31 2251 34 2257 ,
77 2224 135 2253 ter
148 2227 320 2257 vocatur
336 2241 352 2266 ‚
1022 2227 1027 2232 ·
1059 2223 1063 2230 “

346 2274 434 2330 Ζόῖἑ
449 2297 495 2322 τε
515 2275 830 2340 mfflffio'ri&,
845 2297 876 2337 ³9
901 2295 1039 2333 ewoqvn
1065 2286 1122 2325 1¹5
1124 2291 1340 2338 foemore&-

346 2352 500 2429 Iupiter
511 2348 694 2412 infernus
706 2377 719 2402 ,
739 2340 1029 2412 laudandaq'ue
1044 2346 1332 2412 Perfiphonea·
1321 2378 1335 2401 ‚

74 2413 299 2481 Aeschylus
311 2412 500 2483 postremo
514 2414 785 2481 Euphorionts
798 2420 859 2474 F
900 2421 1020 2462 maris
1048 2432 1198 2483 quoque
1225 2419 1367 2481 Regem
1384 2420 1515 2462 Iouem
1530 2412 1734 2478 appellat-
1776 2410 1928 2459 Tribus

76 2487 212 2551 itaque
228 2493 295 2534 vti
310 2487 429 2533 oculis
449 2490 581 2533 Iouem
597 2483 770 2534 tradidit
787 2515 798 2538 ³
816 2489 1048 2553 quicumque
1067 2484 1255 2533 tandem
1241 2505 1285 2532 tn
1305 2483 1430 2531 tribus
1444 2502 1526 2550 quae
1540 2480 1663 2548 vulgo
1682 2480 1927 2530 celebrantur

68 2553 346 2622 finitionibus
362 2586 376 2609 ,
393 2560 579 2619 imperare
596 2551 761 2603 eundem
775 2585 789 2608 ³
803 2557 857 2617 est
872 2553 1038 2602 author
1076 2559 1230 2602 Iouem
1248 2555 1364 2601 hunc
1390 2552 1714 2601 subterraneum
1728 2580 1744 2605 ‚
1772 2550 1823 2599 de
1838 2568 1930 2615 quo

77 2643 128 2672 ex
146 2626 344 2673 Homero
361 2623 590 2673 Pausanias
606 2656 620 2680 ,
649 2625 851 2690 Stygium
867 2642 1046 2704 quoquc
1061 2639 1267 2674 vocatum
1283 2623 1336 2671 ab
1365 2623 1569 2671 Arnobio
1584 2654 1598 2678 ,
1625 2630 1667 2670 3<
1683 2622 1729 2668 in
1752 2620 1931 2687 lapideis

38 2694 244 2743 Latinis
258 2697 562 2743 monumentis
578 2697 855 2744 inuenimus·
845 2728 858 2750 ,
889 2698 955 2741 cui
973 2694 1095 2742 suam
1111 2697 1328 2742 Iunonem
1346 2695 1543 2761 Stygiam
1558 2711 1609 2740 ex
1622 2693 1754 2740 veteri
1782 2689 1932 2738 inscri-

26 2792 59 2817 ,
77 2766 231 2829 ptione
245 2782 380 2853 nuper
396 2765 591 2813 adiunxit
608 2764 860 2813 Reinefius:
876 2763 947 2811 sed
962 2763 1105 2812 statim
1120 2794 1135 2820 ‚
1151 2763 1235 2812 siue
1253 2764 1538 2812 ostentatione
1551 2762 1802 2810 eruditionis
1816 2792 1831 2817 ,
1844 2760 1873 2808 s
1861 2779 1931 2809 ue

78 2834 224 2882 critica
239 2835 325 2898 qua
342 2834 562 2883 laborabat
576 2836 794 2901 prurigine
807 2866 822 2889 ,
851 2834 936 2881 hoc
951 2835 1116 2903 Stygia:
1129 2839 1312 2883 Iunonis
1342 2850 1507 2881 nomen
1523 2863 1539 2888 ‚
1558 2831 1781 2881 machinis
1795 2832 1933 2880 veluti

79 2903 282 2953 adhibitis
312 2905 546 2953 demolitus
567 2905 652 2963 est3
681 2923 734 2953 ex
761 2906 991 2953 STYGIA
1019 2921 1181 2968 nempe
1197 2904 1340 2970 primo
1368 2917 1547 2951 conatur
1561 2901 1764 2966 effingere
1795 2904 1933 2949 SDY-

42 2991 43 2994 ’
82 2976 272 3031 GIAM,
287 2991 336 3024 vt
350 2976 489 3024 rursus
508 2994 560 3023 ex
576 2974 748 3022 duobus
762 2973 981 3040 prioribus
998 2975 1222 3023 elementis
1238 2979 1262 3022 S
1278 2979 1324 3024 D
1338 2975 1506 3022 literam
1523 2977 1554 3022 Z
1569 2971 1782 3022 ambobus
1799 2972 1934 3034 aequi·

81 3044 323 3108 pollentem
351 3047 583 3095 constituat
595 3075 609 3100 ,
636 3054 680 3093 &
707 3045 810 3093 inde
836 3043 1013 3092 tandem
1042 3044 1196 3109 (quod
1215 3045 1319 3092 felix
1334 3042 1609 3109 faustumque
1627 3044 1707 3105 sit)
1738 3047 1938 3089 nomen...

79 3117 351 3166 IVNONlS
387 3118 644 3173 ZYGlAE,
679 3113 764 3167 hoc
779 3114 837 3165 est
851 3115 1010 3186 iugalis
1026 3145 1041 3171 ‚
1067 3114 1189 3179 quod
1204 3114 1379 3187 caelestis
1397 3117 1580 3171 lunonis
1607 3113 1834 3185 proprium
1849 3109 1906 3158 est
1922 3138 1939 3166 ²

176 3223 180 3227 -
1015 3188 1059 3235 A
1073 3201 1096 3232 a
1113 3203 1136 3233 a
1208 3204 1236 3235 2.
1727 3192 1869 3237 eruat·¹
