2221 3512
63 156 156 194 vt&
173 151 318 195 milites
330 150 482 193 excitet
493 151 545 193 ad
570 163 711 204 operas
725 149 861 195 sedulo
875 153 910 191 &
929 152 1107 193 alacriter
1120 155 1359 207 praestandas:
1370 187 1381 205 ‚
1395 164 1433 202 &
1451 172 1503 206 vt,
1518 162 1543 203 fi
1557 163 1653 218 quid
1668 165 1800 207 videat
1810 168 1938 210 Ῑῃῑῃῂς

70 209 173 253 reae
189 208 417 264 dispositum
432 235 444 255 ‚
471 211 511 249 in
529 208 667 253 melius
684 210 876 263 corrigat.
917 211 1038 251 Miles
1060 223 1190 252 autem
1205 219 1455 265 genuflexus,
1477 222 1756 274 Imperatorem
1782 225 1934 279 aliquid

70 267 140 310 fibi·
170 268 412 309 indicentem
429 267 569 309 adorat
584 283 594 311 3
610 281 690 308 non
703 280 833 308 tamen
845 267 998 321 lignum
1012 295 1025 312 ‚
1040 282 1124 323 quo
1135 283 1219 310 erat
1234 276 1401 317 onustus
1414 303 1426 321 ,
1443 280 1618 331 reponi„
1637 280 1876 323 vl-banjffimg
1889 283 1930 324 jd

69 338 190 380 agens
205 352 217 371 >
230 339 279 367 ne
296 325 495 380 tantisper,
510 326 689 380 principe
704 324 904 379 praesente,
924 325 974 369 ab
989 327 1163 374 iniuncto
1176 327 1245 368 sibi
1258 343 1429 374 munere
1444 349 1598 376 vacaret
1611 365 1621 374 .

19 388 94 435 114
124 385 292 426 Foenilia
308 386 348 425 in
363 383 553 439 pabulum
570 396 766 437 equorum
778 382 879 424 intra
890 383 1035 425 vallum
1045 383 1213 430 inclusa,
1242 391 1333 445 quc>
1355 394 1562 434 munitiora
1577 398 1615 435 ὃ(
1629 396 1774 436 tutiora
1786 396 1834 436 ab
1852 396 1926 435 ho-

66 442 180 484 stium
203 441 349 493 insidijs
372 441 504 483 forent
524 457 534 479 τ
560 442 671 482 iuxta
687 454 774 496 quae
791 455 891 495 pons
907 453 1070 496 quartus
1084 442 1241 496 ligneus
1264 448 1377 501 super
1397 453 1557 491 fluuium
1569 451 1801 494 fabrefae‘tus
1817 480 1828 498 ‚
1843 453 1927 508 quo

66 501 188 556 paleae
203 505 242 543 δι
258 499 411 542 foenum
426 498 678 541 commodius
692 512 762 553 per
776 501 919 540 flumen
931 525 944 544 ‚
966 502 1005 540 &
1023 512 1093 554 per
1105 513 1277 554 pontt-’m
1294 507 1333 546 in
1350 504 1373 545 s
1367 521 1458 547 uum
1474 509 1607 550 locum
1620 523 1903 563 reponerentur
1915 530 1931 550 .-

20 567 60 597 11
72 572 90 609 ς
126 560 353 601 Praetor-iani
370 557 516 597 milites
529 582 540 601 ‚
557 557 760 611 stipatores
776 560 814 598 &
828 557 1010 598 custodes
1023 559 1207 611 corpori&
1224 564 1380 603 Traiani
1395 564 1561 619 Augusti
1577 593 1588 611 ‚
1615 567 1739 621 ipsum
1760 570 1927 609 circum-

70 618 171 658 stant
182 643 194 662 ,
210 629 381 675 quorum
394 628 493 656 vnus
503 615 675 655 indicem
690 614 889 656 eleuatum
902 614 1043 660 habet,
1056 616 1097 657 in
1108 615 1265 675 liguum
1276 619 1369 661 fidei
1384 646 1397 665 2
1413 635 1456 663 vt
1468 627 1506 664 &
1518 624 1611 664 alibi
1628 654 1638 664 .

20 679 36 701 *
98 675 137 716 Si
145 676 165 715 ἒ
174 675 274 716 detto
288 674 350 714 che
365 673 392 713 il
407 672 483 712 dito
497 672 626 713 alzato
639 673 774 727 &figno
787 672 827 711 di
842 671 1012 723 costanza
1028 702 1039 712 .

21 746 60 772 11
71 740 94 773 6
124 734 386 788 Exploratum
402 734 442 772 in
459 731 627 772 hostium
641 729 738 772 fines
754 730 896 773 milites
911 731 1004 771 miffi
1017 758 1029 777 2
1058 733 1186 775 Dacis
1203 734 1360 777 duobus
1376 738 1413 777 vi
1426 738 1564 791 captis,
1579 739 1628 780 ad
1652 741 1844 782 Caesarem
1866 753 1928 782 re-

69 803 303 836 uertuntur,
318 793 357 832 &
372 789 506 831 coram
518 814 530 834 >
544 788 725 830 manibus
740 789 828 830 loro
842 789 928 843 post
944 801 1054 843 terga
1064 794 1249 835 'reuind'tis
1261 793 1418 835 eosdem
1436 793 1629 842 statuunt,
1645 810 1686 839 vt
1697 798 1746 838 ab
1766 799 1842 839 illis
1856 799 1931 839 ho-

64 849 181 891 stium
196 862 338 892 arcana
351 847 511 889 confilia
526 847 751 903 perquirat,
765 850 803 887 &
819 849 939 888 etiam
955 860 1198 908 extorqueat
1209 879 1219 889 .
1246 852 1401 906 Caligis
1417 864 1547 892 autem
1564 854 1778 897 laxioribus
1791 882 1802 900 a
1815 859 1853 897 &
1870 855 1930 896 vs-

67 922 147 962 que
163 908 214 948 ad
233 907 333 948 talos
346 904 514 947 dcmiffis
525 931 537 951 2
550 917 593 946 vt
607 903 743 962 pai-iim
754 903 776 945 a
788 905 940 946 braccis
953 904 1160 952 differrent
1171 935 1185 955 ,
1209 911 1250 951 &
1261 910 1401 951 calceis
1416 911 1596 966 integros
1610 913 1735 968 pedes
1759 914 1929 969 tegenti-

71 966 162 1009 bus,
177 967 201 1016 ij
218 978 385 1007 v’tuntur
400 993 411 1005 .

23 1033 34 1060 ι
48 1037 61 1061 1
73 1037 94 1073 7
129 1026 234 1064 Pons
264 1024 426 1077 quintus
437 1046 449 1065 ³
477 1021 627 1062 caeteris
643 1019 808 1066 vastior,
823 1023 862 1061 &
877 1022 1196 1078 magnificentior
1207 1051 1220 1070 ,
1235 1023 1346 1079 super
1360 1025 1521 1067 fluuium
1536 1026 1665 1068 castris
1676 1030 1930 1083 proximum)

70 1095 119 1121 ex
138 1081 256 1135 lignis
277 1079 536 1122 constructum
553 1080 615 1118 cui
629 1077 815 1132 superstat
829 1079 1037 1122 Praefeetus
1049 1080 1206 1123 fortasse
1221 1082 1436 1123 Fabrorum
1451 1108 1462 1127 2
1485 1096 1553 1124 aut
1566 1085 1787 1127 archifaber
1797 1086 1930 1141 pontis

70 1138 329 1180 construendi
341 1165 352 1182 ‚
369 1135 508 1177 fustem
524 1137 588 1178 vel
607 1135 740 1178 sudem
754 1136 938 1179 manibus
951 1150 1087 1180 tenens
1098 1165 1110 1184 2
1130 1139 1380 1195 minoresque
1401 1139 1568 1183 artifices
1581 1144 1629 1184 ad
1649 1157 1750 1199 opus
1765 1156 1928 1198 vrgensz

70 1210 242 1250 quorum
264 1196 333 1245 azlij
355 1195 461 1248 ligna
485 1206 761 1248 comportant,
780 1193 844 1246 alij
858 1195 970 1251 tigna
984 1197 1084 1238 intra
1104 1197 1249 1239 vadum
1266 1210 1538 1251 componunt>
1562 1200 1625 1251 alij
1647 1202 1796 1242 malleis
1820 1202 1930 1243 aereis

68 1253 390 1307 clauosinfiygunt
405 1252 458 1293 ob
474 1254 604 1307 operis
622 1251 844 1294 firmitatem
857 1280 871 1293 ,,
904 1255 1004 1313 Qs
1019 1266 1150 1296 autem
1165 1255 1282 1297 fuerit
1296 1255 1360 1295 hic
1373 1257 1513 1296 fluuius
1525 1281 1537 1299 2
1564 1258 1673 1299 certo
1688 1257 1932 1313 deprehendi

70 1314 230 1367 nequit;
253 1311 354 1352 Ister
367 1323 496 1351 tamen
508 1308 582 1350 effe
599 1323 676 1350 non
689 1311 846 1364 potuit,
878 1314 948 1367 qui
974 1311 1026 1351 ob
1046 1313 1271 1353 immensam
1297 1314 1381 1352 eius
1394 1310 1704 1366 profunditatem
1721 1341 1733 1360 ‚
1764 1314 1932 1357 vadosus

71 1369 178 1411 haud
192 1368 325 1413 foret,
342 1382 385 1409 vt
399 1369 506 1422 tigna
521 1367 620 1408 intra
633 1369 717 1408 eius
732 1368 889 1410 alueum
905 1368 1118 1424 figerentur
1140 1399 1151 1409 .
1188 1369 1480 1415 Rursus‚cursus
1495 1370 1549 1412 est
1562 1372 1620 1414 illi
1631 1372 1733 1414 adeo
1747 1372 1904 1429 rapidus
1917 1397 1932 1418 ‚

68 1440 113 1469 vt
128 1439 335 1481 nequeant
350 1425 490 1469 ssmiles
508 1438 648 1480 pontes
659 1424 772 1479 super
786 1426 911 1481 ipsum
924 1427 1103 1469 constitui
1117 1451 1129 1472 ‚
1144 1427 1293 1468 diutius
1307 1427 1546 1483 permansuri
1561 1456 1572 1466 .

28 1496 60 1522 [1
72 1488 94 1527 8
130 1485 319 1527 Calcaria
333 1482 462 1524 forsan
475 1509 487 1528 ,
503 1482 570 1524 vbi
583 1483 667 1523 calx
684 1483 750 1525 vel
765 1483 1047 1526 conficiebatur
1060 1510 1074 1531 a
1089 1485 1152 1526 vel
1165 1485 1434 1526 macerabatur
1444 1511 1457 1531 ³
1473 1487 1513 1526 in
1527 1483 1636 1527 vsum
1649 1500 1853 1530 murorum
1868 1500 1934 1529 ca-

69 1542 276 1584 strensium
288 1540 636 1583 construendorum
650 1565 662 1585 2
687 1540 755 1584 nifi
769 1543 985 1583 arenarium
1000 1543 1126 1582 mauis
1137 1569 1150 1588 ‚
1177 1543 1280 1584 vnde
1295 1555 1412 1584 arena
1425 1542 1563 1583 foffiti'a
1576 1546 1852 1587 extrahebatur
1866 1572 1879 1592 2
1894 1548 1934 1587 &

69 1601 275 1655 cophinis,
291 1600 368 1640 hoc
382 1599 435 1640 est
450 1599 629 1641 vimineis
646 1598 763 1643 cistis,
777 1598 800 1640 ὲ
816 1599 1004 1642 militibus
1019 1598 1287 1654 perferebatur
1298 1625 1311 1645 a
1327 1600 1377 1641 ad
1394 1613 1594 1641 murorum
1605 1601 1793 1643 fabricam
1809 1631 1821 1643 .

29 1671 98 1708 119
130 1658 443 1698 Imstrumentum
459 1669 506 1697 ex
521 1655 679 1697 duobus
694 1654 859 1698 fustibus
875 1656 1097 1699 confectum
1110 1683 1122 1702 a
1137 1671 1220 1713 quo
1235 1658 1385 1712 lapides
1399 1655 1600 1712 asportatu
1617 1658 1690 1701 fint
1702 1659 1899 1701 faciliores
1916 1688 1929 1700 .

73 1717 272 1759 Traianus
289 1727 419 1757 autem
432 1713 632 1768 Augustus
641 1712 803 1768 praesens
819 1714 923 1756 adest
934 1740 946 1760 2
962 1727 1032 1769 per
1047 1714 1214 1771 lingulas
1227 1716 1413 1756 cohortes
1426 1740 1439 1761 2
1455 1717 1494 1757 δι
1517 1717 1774 1759 contubernia
1789 1716 1937 1759 discur-

76 1787 172 1814 rens
186 1800 198 1819 ‚
217 1785 260 1816 vt
270 1772 296 1813 fi
312 1772 411 1827 quid
423 1772 529 1816 deest
539 1798 552 1816 ‚
568 1773 736 1826 imperet
750 1797 763 1817 ‚
778 1772 972 1813 &milites
987 1772 1038 1813 ad
1052 1774 1302 1828 quotidianas
1317 1786 1458 1827 operas
1475 1798 1488 1818 2
1506 1773 1556 1814 ad
1569 1773 1856 1817 absolutionem
1870 1788 1937 1816 ca-

73 1832 243 1872 strorum
256 1858 267 1876 ,
282 1831 330 1871 ad
344 1842 515 1885 pugnam
529 1830 798 1870 imminentem
815 1842 904 1872 cum
919 1830 1028 1871 hoste
1041 1827 1197 1871 fortiter
1208 1829 1448 1871 subeundam
1462 1855 1474 1876 ‚
1488 1832 1633 1874 excitet
1658 1850 1673 1872 :1
1693 1845 1880 1888 armaque
1896 1835 1937 1874 &

80 1889 227 1931 bellica
240 1889 489 1931 instrumenta
502 1913 515 1934 2
528 1901 690 1930 annonae
706 1889 862 1944 copiam
877 1888 942 1929 vel
957 1888 1131 1943 inopiam
1143 1913 1156 1934 2
1171 1891 1210 1931 &
1227 1899 1366 1929 caetera
1381 1885 1604 1931 huiusmodi
1626 1892 1800 1947 inquirat
1813 1919 1824 1929 .

37 1959 108 1986 120
140 1947 260 1988 Scuta
274 1950 313 1988 &
330 1946 448 2001 galeae
461 1946 631 1988 militum
643 1971 657 1991 2
675 1959 722 1988 ex
734 1943 893 1987 sudibus
910 1957 1020 1990 tetrae
1035 1943 1162 1987 infixis
1174 1946 1392 2003 pendentes
1405 1971 1417 1992 ‚
1427 1947 1583 1988 interim
1603 1949 1697 1990 dum
1709 1946 1939 1989 munitioni-

75 2003 150 2046 bus
165 2005 379 2046 castrorum
394 2003 650 2047 conficiendis
666 2003 859 2046 vacabant
875 2032 885 2044 .

38 2076 52 2104 ι
63 2077 81 2103 2
95 2076 110 2102 1
144 2063 249 2117 Equi
270 2061 431 2104 Caesaris
447 2088 459 2107 2
475 2060 629 2104 sericeis
641 2063 680 2103 &
694 2062 821 2104 aureis
836 2061 1012 2117 stragulis
1027 2062 1177 2107 ornati,
1188 2063 1392 2118 purpureis
1410 2064 1545 2104 floccis
1572 2061 1594 2104 ὲ
1621 2064 1753 2106 limbis
1765 2062 1940 2117 penden-

87 2120 192 2162 tibus
204 2135 214 2164 ς
227 2117 249 2160 ὲ
262 2117 448 2162 Caesareis
461 2118 617 2161 famulis
634 2133 703 2174 per
718 2120 942 2161 Praetoriam
957 2123 1116 2161 Portam
1128 2118 1314 2175 aquatum
1329 2120 1473 2166 educti,
1484 2119 1611 2162 fraenis
1630 2147 1641 2166 ‚
1659 2120 1742 2175 quo
1758 2132 1938 2159 commo-

84 2175 173 2219 ditis
186 2176 369 2219 biberent
380 2204 393 2224 ,
408 2178 566 2219 interim
577 2177 733 2222 ablatis,
749 2178 837 2218 &in
854 2176 956 2218 colla
971 2177 1143 2221 reiectiss
1174 2188 1217 2219 vt
1232 2190 1325 2219 mox
1341 2191 1463 2234 eques
1476 2178 1526 2219 ad
1538 2177 1822 2233 profectionem
1836 2176 1858 2217 ὲ
1875 2190 1939 2218 ca-

27 2244 29 2246 ’
83 2236 167 2277 stris
181 2233 220 2276 se
235 2234 364 2277 Caesar
378 2236 559 2289 accingat
569 2260 581 2280 ‚
593 2234 780 2276 aduersus
792 2234 920 2276 hostes
936 2235 1020 2276 acie
1034 2235 1290 2278 dimicaturus
1308 2264 1318 2273 .

36 2304 76 2334 12
86 2307 107 2335 2
140 2295 260 2337 Porta
274 2294 458 2336 Praetoria
473 2293 682 2334 castrorum
699 2318 711 2338 ³
725 2306 796 2347 per
808 2305 926 2348 quam
938 2293 1118 2346 legiones
1133 2303 1211 2334 tres
1224 2293 1417 2348 peditum,
1434 2295 1471 2334 &
1485 2293 1552 2334 alae
1569 2293 1724 2349 aliquot
1740 2294 1938 2348 equitum,

78 2350 267 2393 aduersus
280 2352 510 2406 ingruentes
525 2350 653 2392 hostes
672 2348 1143 2404 egi-effae‚p1·oficiscuntur
1165 2378 1176 2390 .

36 2420 53 2448 1
65 2423 83 2449 2
92 2423 113 2462 3
149 2409 378 2452 Praetoriani
388 2409 533 2452 milites
548 2408 597 2449 ad
609 2408 830 2450 Praetoriam
847 2410 1005 2449 Portam
1023 2407 1262 2450 excubantes
1280 2434 1292 2453 2
1307 2409 1486 2449 custodes
1499 2411 1537 2449 &
1551 2408 1752 2462 stipatores
1766 2408 1941 2461 Impera-

85 2467 184 2508 toris
200 2492 213 2511 ,
240 2465 360 2508 fidem
378 2479 470 2520 erga
483 2466 701 2520 principem
715 2465 854 2506 indicis
869 2464 996 2506 dextri
1009 2465 1231 2506 eleuatione
1243 2491 1254 2510 ³
1270 2478 1570 2521 accuratamque
1585 2467 1623 2505 in
1634 2465 1768 2521 praelio
1781 2463 1942 2506 Caesaris

83 2521 123 2564 se
138 2522 337 2567 solertiam
353 2524 559 2567 habituros
577 2548 590 2567 2
607 2536 715 2563 nouo
731 2522 970 2564 sacramento
983 2523 1033 2563 de
1050 2536 1160 2564 more
1175 2522 1408 2578 profitentur
1422 2554 1433 2564 .

38 2593 112 2632 {24
141 2583 247 2624 Pons
263 2580 397 2625 sextus
413 2581 713 2636 ligne1152Portae
729 2581 920 2622 Praetoriae
936 2581 1145 2622 castrorum
1159 2582 1375 2636 proximus,
1385 2581 1498 2638 super
1508 2581 1671 2622 fluuium
1687 2580 1942 2625 construcstus,

82 2651 154 2693 per
168 2652 289 2693 quem
304 2640 462 2695 equites
474 2641 511 2680 &
525 2637 678 2693 pedites
695 2637 716 2678 ὲ
732 2639 860 2680 castris
871 2638 1005 2693 egreffi
1019 2664 1032 2684 ‚
1048 2640 1246 2691 traijciunt
1259 2665 1270 2684 ‚
1294 2640 1335 2680 in
1348 2638 1542 2696 agrosque
1555 2639 1722 2681 hostium
1737 2639 1888 2679 vicinos
1904 2636 1943 2680 se

84 2694 325 2740 ,transferunt
339 2722 352 2741 a
366 2696 544 2751 praelium
558 2695 791 2739 conserturi.

40 2767 77 2794 12
89 2767 107 2804 5
144 2754 312 2809 Equites
327 2754 427 2796 leuis
442 2765 645 2796 armaturae
660 2779 674 2800 ‚
701 2754 829 2795 cristas
845 2755 884 2793 in
901 2753 1101 2808 galearum
1118 2754 1228 2796 conis
1240 2767 1421 2810 gerentes
1437 2781 1450 2801 ‚
1477 2767 1643 2811 quarum
1660 2754 1780 2795 altera
1795 2752 1944 2796 cauda..

85 2812 214 2854 existit
226 2837 238 2855 2
251 2823 294 2855 vt
308 2810 450 2852 censeo
465 2836 478 2856 2
493 2811 770 2867 hippopotami
787 2837 799 2856 ‚
813 2812 933 2852 altera
949 2825 996 2852 ex
1009 2813 1149 2866 pennis
1160 2813 1384 2854 struthionis
1397 2825 1559 2868 apparet
1573 2842 1583 2852 .
1612 2812 1760 2855 Caudae
1775 2823 1947 2866 namque

84 2869 366 2924 hippopotami
382 2868 666 2924 elegantiffimae
683 2868 771 2911 sunt
783 2895 795 2914 2
814 2872 853 2911 &
865 2869 994 2924 dignae
1009 2883 1096 2925 quae
1110 2871 1222 2911 conis
1239 2871 1440 2925 galearum
1453 2871 1688 2919 inserantur.
1711 2873 1843 2923 Qem
1859 2882 1947 2909 mo-

83 2940 167 2969 rem
185 2926 307 2972 hodie
322 2929 586 2982 Imperatores
601 2928 819 2969 Turcarum
834 2925 1004 2972 seruant,
1018 2925 1263 2981 primoribus
1276 2927 1300 2968 s
1295 2942 1348 2969 uae
1363 2930 1490 2983 gentis
1505 2954 1517 2974 ‚
1530 2927 1860 2984 quosprouincijs
1879 2926 1950 2968 ad-

84 2985 344 3034 ministrandis
354 2983 573 3040 praeficiunt
586 3010 600 3031 ‚
622 2997 740 3026 vnam
755 2984 920 3027 caudam
935 2985 1211 3039 hippopotami
1225 2986 1376 3026 donant
1390 3012 1403 3031 ‚
1425 2999 1545 3042 quam
1559 2987 1698 3042 capitis
1712 2995 1945 3028 ornamento

83 3041 199 3096 super
215 3044 369 3086 mitram
380 3040 614 3099 >praefigant-2
629 3041 742 3084 velut
753 3041 988 3098 praefetstu'rae
1005 3043 1155 3097 infigne
1173 3073 1183 3083 .
1210 3047 1346 3103 Qare
1360 3044 1549 3099 Aegyptij
1563 3070 1574 3090 >
1589 3045 1615 3086 fl
1632 3058 1735 3100 quos
1749 3044 1948 3098 hippopo-

85 3111 213 3146 tamos
228 3102 416 3155 ceperint,
434 3100 577 3143 caudas
593 3112 776 3142 tenentur
790 3101 958 3155 principi
972 3099 1226 3148 reseruare,&
1242 3101 1597 3148 transmittere,nec
1612 3104 1768 3158 priuato
1780 3100 1951 3153 cuipiam

88 3157 358 3208 licet‚illarum
369 3159 545 3214 aliquam
560 3160 657 3202 citra
671 3158 925 3213 Imperatoris
938 3156 1162 3213 permissum
1177 3160 1284 3215 apud
1298 3158 1337 3201 se
1352 3161 1519 3203 retinere
1532 3189 1545 3202 .
1576 3163 1622 3202 In
1633 3161 1793 3214 antiqua
1808 3158 1954 3199 Roma-

79 3227 226 3275 norum
241 3216 399 3265 militia,
409 3216 574 3276 insignia
585 3217 706 3260 etiam
721 3215 948 3262 hulusmodi
959 3217 1227 3263 Centuriones
1242 3216 1496 3275 vsurpabant2
1512 3218 1697 3263 callidum
1712 3215 1831 3258 cristis
1842 3226 1955 3259 vten«

670 3281 697 3297 s
1814 3283 1874 3314 tes
1888 3297 1902 3317 5
