2221 3512
270 166 403 207 balteo
425 165 544 219 gestat
561 191 573 209 ,
602 163 682 205 vbi.
697 164 897 217 antiquam
915 163 996 202 eius
1012 160 1179 202 formam
1195 163 1231 201 &
1250 158 1415 214 figuram
1430 158 1730 214 deprehendes·
1747 182 1749 184 ·
1769 182 1772 185 ⁴
1835 182 1841 189 ·
1943 180 1961 190 ·
2062 206 2065 207 ⁷
2093 199 2096 201 Α

215 230 267 270 96
302 224 450 263 Milites
464 225 570 263 vario
585 222 795 261 ministerio
810 220 929 260 fabris
947 221 1121 268 murarijs
1136 219 1386 259 inseruientes
1402 246 1413 263 ,
1431 220 1523 259 dum
1542 219 1604 268 alij
1622 219 1772 268 calcem
1785 215 1808 256 ὲ
1828 217 2010 271 cophinis
2027 245 2038 265 ,
2066 219 2129 270 alij

269 281 420 335 lapides
438 281 611 334 quadros
626 283 666 319 δε
682 278 837 318 dolatos
849 306 860 322 ,
879 278 940 328 alij
959 277 1052 317 vero
1065 280 1186 330 tigna,
1202 280 1239 317 ξε
1253 277 1380 316 trabes
1399 278 1446 316 ad
1470 290 1670 317 murorum
1689 274 1933 317 castrensium
1946 275 2130 319 fabricam

272 351 523 392 comportant
540 368 548 375 .
590 337 762 390 Lapidca
781 349 910 376 autem
927 336 1160 390 plerumque
1177 336 1294 375 castra
1310 333 1421 374 fuisse
1435 333 1523 375 cum
1537 336 1651 388 copia
1667 333 1845 389 lapidum
1861 331 1955 372 esset
1969 360 1983 379 2
1996 334 2126 378 hostis-

271 410 351 451 que
366 410 443 435 non
461 397 680 435 immineret
694 421 705 438 ³
724 394 800 433 hoc
817 407 1114 434 monumentum
1134 394 1146 437 ,
1162 396 1199 433 Sc
1214 393 1402 448 pleraque
1417 393 1491 434 alia
1515 395 1554 434 in
1572 394 1646 434 hac
1664 394 1864 434 Columna
1879 403 2043 445 reperta,
2057 394 2149 436 de-i.

260 455 484 503 ¹monstrant
496 482 505 490 .
545 451 719 493 Desertis
737 465 907 505 namque
923 453 1065 495 castris,
1082 452 1193 505 quod
1209 451 1353 490 nobilis
1373 451 1563 492 strucfwrae
1582 466 1626 491 ea
1643 450 1763 491 essent
1777 475 1789 492 3
1804 448 1966 503 insignia
1981 452 2124 506 oppida

273 508 482 551 successere
498 535 509 554 ,
526 510 620 550 ficut
636 511 675 548 in
688 509 800 549 Italia
817 510 994 549 Castrum
1011 523 1159 549 nouum
1172 532 1187 552 ς
1205 512 1243 549 &
1259 509 1499 549 Bilancionis
1517 525 1527 552 3
1560 511 1600 550 in
1616 509 1801 563 Hispania
1813 507 1951 547 Betica
1963 532 1976 551 ,
1994 509 2125 551 Casti-a

260 569 440 608 'Gemina
455 593 466 611 ,
484 568 642 607 Vinaria
659 582 668 609 ;
686 568 723 606 in
736 566 942 610 Lusitania,
959 568 1093 607 Castra
1112 567 1277 610 Cecilia,
1293 567 1412 609 Iulia3
1430 569 1469 607 in
1487 566 1637 612 Africa,
1652 566 1786 608 Castra
1801 564 2014 611 Cornelia,
2026 567 2125 608 Ger-

272 638 475 665 manorum
489 650 500 668 ³
518 625 646 667 Lelia;
678 626 716 664 in
730 626 867 664 Locris
882 651 894 668 ,
910 625 1045 665 Castra
1061 624 1292 665 Hannibalis
1307 639 1317 667 3
1344 625 1384 664 in
1400 626 1600 666 Pannonia
1611 651 1623 670 ,
1643 626 1776 666 Castra
1789 622 1995 667 Flauiana3
2016 627 2055 665 &
2069 627 2128 666 in-

269 696 430 722 numera
446 682 546 725 alias,
563 697 647 736 quae
663 681 860 722 recensere
874 682 1038 735 longum
1053 681 1147 722 esset
1163 712 1172 721 .

213 752 266 791 97
300 741 487 780 Veterani
503 740 550 780 ad
569 741 685 780 castra
704 740 941 780 excubantes
961 766 973 783 ,
991 753 1040 780 ne
1055 741 1281 793 repentinus
1297 740 1441 794 aliquis
1454 740 1623 781 hostium
1639 737 1812 781 incursus
1828 763 1839 783 ,
1855 749 1922 779 aut
1936 739 2124 780 munitio÷

272 812 338 839 nes
356 798 563 838 castrorum
581 811 756 837 euertere
771 824 782 841 ,
800 810 866 837 aut
883 799 1084 850 operarios
1100 798 1292 851 impedire
1308 795 1433 851 poss'ct
1450 826 1459 836 .

212 859 264 906 98
298 860 400 896 Pons
415 856 568 909 ligneus
584 856 742 899 ,fluuim
759 856 886 895 castris
900 855 1083 908 proximo
1096 881 1107 899 ,
1121 855 1367 906 traiiciendo,
1384 856 1533 909 magnis
1550 857 1668 910 tignis
1685 853 1785 895 intra
1802 853 1956 893 alueum
1972 852 2123 900 defixis,
2148 871 2157 898 ;

257 912 445 955 ,suffultus
462 941 471 951 .
513 912 596 967 Ipsa
611 926 739 953 autem
757 914 865 965 tigna
879 938 890 956 ,
905 912 1080 953 trabibus
1097 926 1215 965 opere
1233 912 1449 953 cancellato
1465 913 1658 953 hincinde
1674 913 1889 954 coherent,
1902 910 2122 967 clauisque)

267 971 494 1022 ingentibus
509 973 615 1011 atreis
631 969 831 1010 firmantur
845 986 852 1008 τ
867 969 949 1023 quo
961 968 1086 1010 facilis
1104 971 1231 1011 aditus
1247 970 1268 1010 :i
1284 971 1411 1010 castris
1428 971 1478 1010 ad
1501 984 1616 1024 agros
1630 970 1841 1024 frugiferos
1856 965 1949 1008 esset
1964 992 1977 1012 2
1992 981 2040 1008 ne
2057 982 2124 1010 an-

253 1043 380 1070 »uonae
398 1026 626 1068 difficultate
641 1054 652 1071 ‚
666 1030 786 1068 fluuio
805 1030 918 1067 aucto
932 1053 942 1071 ,
958 1030 1149 1068 exercitus
1165 1041 1415 1082 praemeretur
1431 1057 1441 1066 .

212 1100 265 1136 99
301 1084 547 1129 Archifaber,
561 1085 622 1126 seu
638 1086 891 1128 architectus,
907 1085 1083 1125 ministris
1100 1100 1237 1139 operas
1255 1086 1445 1129 indicens,
1458 1087 1498 1125 &
1511 1099 1592 1139 quo
1608 1085 1746 1125 ordine
1757 1084 1904 1137 fingula
1918 1081 2125 1136 disponen-

268 1143 318 1184 da
336 1143 407 1183 fint
422 1144 458 1181 in
472 1157 593 1197 ponte
610 1143 893 1186 construendo,
906 1142 1078 1183 edocens
1097 1173 1106 1181 .
1137 1144 1285 1183 Malleo
1306 1155 1437 1183 autem
1450 1141 1579 1183 ferreo
1595 1143 1696 1184 claui
1711 1143 1799 1183 aerei
1815 1141 2126 1194 infingunturin-

255 1231 257 1233 -
271 1213 407 1255 gentes
423 1204 461 1241 &
478 1201 667 1254 oblongi,
682 1214 723 1241 vt
738 1202 844 1254 tigna
860 1199 1026 1240 securius
1043 1202 1283 1244 contineant,
1299 1199 1505 1255 trabesque
1523 1202 1625 1241 inter
1639 1199 1715 1241 sese
1728 1200 1875 1241 firmius
1892 1197 2126 1242 cohaereant.

211 1263 236 1286 *f
298 1260 527 1312 Capomcislro
542 1260 603 1298 che
619 1260 795 1298 comanda
813 1257 836 1295 d
845 1257 1068 1311 gl’Opermjj
1080 1284 1091 1302 ,
1107 1258 1125 1296 ὸ
1136 1259 1199 1310 pit>
1214 1255 1299 1306 tosto
1312 1258 1448 1298 ribatte
1463 1258 1743 1299 l’inchiodature
1758 1286 1768 1295 .

216 1332 230 1357 1
242 1331 292 1356 00
325 1317 443 1356 Scuta
460 1320 497 1357 ὅ(
513 1316 630 1369 galea*
648 1318 815 1356 militum
827 1316 1002 1360 ,interim
1019 1314 1180 1369 seposita
1194 1343 1204 1361 ,
1232 1316 1325 1358 dum
1341 1316 1626 1357 munitionibus
1643 1317 1851 1357 castrorum
1867 1315 2029 1361 intenti,
2055 1328 2123 1357 ne—

269 1371 427 1413 cessaria
445 1374 538 1413 illuc
554 1386 829 1427 comportant.

215 1445 231 1470 1
242 1447 264 1469 0
276 1445 291 1471 1
328 1429 499 1471 Praefeeci
511 1435 549 1471 δε
564 1431 743 1474 Tribuni,
760 1432 810 1471 dc
826 1430 1075 1471 absoluendis
1089 1433 1217 1473 castris
1230 1459 1241 1477 ,
1255 1436 1292 1474 ἅς
1305 1431 1454 1487 optime
1467 1429 1652 1472 aduersus
1669 1428 1940 1486 quoscumque
1955 1429 2121 1472 hostium
2143 1448 2156 1453 ·>

270 1491 439 1541 impetus
457 1514 467 1531 ,
486 1487 718 1542 insidiasque
738 1490 958 1528 muniendis
976 1515 987 1532 ,
1005 1491 1104 1529 inter
1119 1489 1156 1529 se
1175 1491 1412 1531 decernunt.

216 1561 293 1586 102
326 1544 563 1586 Archifaber
579 1548 768 1587 murarius
785 1572 796 1590 ³
812 1547 880 1600 qui
894 1547 992 1586 alios
1009 1560 1122 1600 vrget
1134 1573 1145 1591 ,
1162 1552 1201 1588 δε
1218 1562 1357 1601 operas
1376 1549 1478 1588 inter
1494 1547 1638 1586 milites
1653 1545 1866 1586 distribuit.

214 1617 263 1644 10
271 1617 290 1654 3
329 1604 557 1643 Praetorium
574 1629 586 1647 >
604 1604 768 1658 Augusti
782 1605 937 1644 Traiani
952 1604 1198 1645 domicilium
1210 1607 1249 1645 in
1262 1606 1392 1646 castris
1405 1633 1417 1651 2
1434 1603 1498 1645 seu
1514 1604 1809 1645 tabernaculum
1829 1603 1960 1646 dicere
1975 1603 2096 1645 mauis
2111 1618 2121 1647 3

266 1663 373 1700 iuxta
393 1660 504 1714 quod
521 1662 779 1716 Qaestorium
797 1673 877 1701 erat
892 1686 904 1705 ,
918 1665 955 1701 ἃ
973 1663 1155 1704 Praetoria
1173 1666 1289 1704 Porta
1303 1692 1313 1702 .

207 1731 294 1773 *104
327 1719 551 1758 Praetoriani
568 1719 728 1763 milites,
742 1720 779 1758 in
795 1719 1009 1759 custodiam
1025 1721 1210 1774 principis
1227 1721 1380 1765 adlecti,
1394 1733 1484 1761 ante
1497 1719 1730 1762 vestibulum
1743 1721 1909 1773 praetorij
1925 1719 2118 1770 excuban-

265 1789 324 1816 tes
341 1791 351 1819 5
382 1776 450 1830 qui
466 1788 603 1828 praeter
615 1778 779 1817 aliorum
797 1789 961 1821 morem,
978 1777 1109 1818 balteo
1125 1803 1136 1821 ‚
1152 1776 1174 1818 a
1190 1778 1334 1819 sinistro
1348 1779 1516 1819 humero
1532 1779 1571 1818 in
1585 1777 1766 1818 dextrum
1782 1777 1883 1818 latus
1898 1777 2113 1832 proceden-

263 1847 308 1873 -te
326 1859 339 1878 ,
350 1832 519 1885 insigniti
537 1834 701 1875 existunt
718 1864 727 1872 .
756 1836 906 1876 Dextra
922 1847 1052 1874 autem
1066 1835 1224 1876 brachia
1240 1840 1278 1877 δε
1294 1837 1444 1876 indices
1463 1838 1612 1876 erectos
1628 1835 1787 1879 habent,
1803 1848 1847 1876 vt
1858 1834 1977 1876 fidem
1988 1838 2048 1880 a&
2060 1835 2120 1876 vi·-
2145 1870 2154 1878 ,

263 1890 469 1944 gilantiam
482 1903 573 1945 erga
590 1891 697 1933 suum
710 1893 1306 1949 Imperatorem,custodiamque
1319 1892 1633 1934 accuratissimam
1651 1893 1837 1934 testentur
1850 1922 1860 1931 .
1885 1896 2015 1944 Quam
2026 1906 2120 1933 con-

267 1948 514 1989 suetudinem
532 1949 729 2004 pleraeque
746 1963 881 2004 gentes
898 1950 1018 1990 hodie
1033 1950 1243 1991 obseruant
1254 1978 1265 1996 ‚
1280 1953 1374 1992 dum
1391 1951 1541 2006 aliquid
1556 1950 1820 2004 pollicentur,
1836 1951 1900 1992 vel
1916 1950 2035 1991 fidem
2049 1949 2118 1990 ali-

266 2007 331 2045 cui
347 2003 451 2045 suam
465 2006 676 2059 astringunt
688 2034 699 2051 ‚
712 2008 881 2047 indicem
895 2033 906 2052 a
921 2011 958 2049 δε
971 2008 1172 2049 brachium
1185 2009 1294 2050 simul
1307 2010 1488 2051 dextrum
1501 2022 1783 2063 nonnunquam
1800 2008 2013 2053 eleuanoes,
2026 2007 2074 2048 fic
2079 2017 2119 2048 ut

267 2061 374 2102 Galli
388 2063 571 2115 pollicem
590 2063 737 2105 sinistrae
753 2079 888 2105 manus
907 2093 916 2103 .

217 2133 291 2169 105
329 2121 518 2160 Traianus
534 2120 731 2175 Augustus
751 2124 893 2163 milites
910 2122 1065 2179 aliquot
1080 2125 1288 2178 expeditos
1301 2151 1314 2169 ,
1345 2124 1615 2179 exploratores
1630 2125 1670 2163 in
1685 2123 1842 2165 hostiles
1856 2123 1954 2166 fines
1968 2122 2088 2167 mittit
2101 2146 2116 2166 2

268 2189 312 2218 vt
323 2177 373 2217 de
389 2177 547 2217 illorum
561 2178 654 2219 statu
675 2179 886 2234 cognoscat
902 2208 911 2218 .

211 2240 298 2289 x106
333 2237 437 2276 Pons
455 2235 608 2288 ligneus
625 2237 816 2278 secundus
830 2264 841 2283 ,
858 2237 970 2291 super
982 2240 1165 2284 fluuium,
1183 2241 1310 2280 castris
1327 2241 1548 2294 proximum
1567 2265 1578 2283 ,
1595 2238 1717 2279 fastus
1734 2253 1743 2281 ς
1770 2237 1818 2278 ad
1835 2239 1933 2292 ripas
1947 2248 2117 2292 namque

269 2292 377 2332 illius
389 2316 401 2335 ,
418 2294 610 2333 exercitus
628 2294 857 2336 consederat
873 2296 1158 2338 castrametatus
1171 2323 1183 2341 ,
1197 2297 1280 2353 quo
1294 2301 1331 2339 &
1343 2298 1556 2352 adaquatio
1571 2296 1832 2351 propinquior
1845 2299 1883 2337 ὃς
1897 2294 2092 2351 copiosior
2103 2318 2118 2339 2

268 2352 307 2390 δε
321 2362 482 2390 annonae
498 2350 538 2390 in
553 2351 669 2391 castra
686 2355 853 2394 veetatio
869 2352 1022 2393 facilior
1035 2353 1140 2395 foret
1154 2384 1165 2394 .

206 2418 294 2456 ¹:107
324 2406 400 2446 Via
412 2432 424 2450 2
442 2420 528 2461 quae
542 2406 563 2448 a
582 2410 791 2451 castrorum
808 2424 922 2465 porta
943 2410 1064 2465 vsque
1081 2413 1129 2452 ad
1142 2413 1303 2453 fluuium
1319 2412 1454 2458 ducit,
1470 2412 1742 2468 adaquationis
1756 2412 1881 2466 gratia
1894 2437 1905 2457 ,
1934 2409 2036 2452 vnde
2052 2408 2117 2449 hic

268 2463 382 2503 miles
397 2463 570 2517 eleganti
589 2465 675 2506 vase
692 2482 835 2522 aquam
847 2468 869 2509 ὲ
885 2469 1043 2509 flumine
1059 2470 1188 2510 haurit
1203 2499 1212 2509 .

217 2523 294 2561 108
327 2521 469 2561 Lorica
483 2547 494 2566 a
510 2536 627 2576 quam
647 2538 874 2580 parapetum
890 2527 1032 2579 vulgus
1048 2528 1218 2581 appellat
1229 2554 1241 2573 ,
1258 2527 1369 2583 quod
1383 2540 1425 2569 vt
1440 2528 1583 2573 lorica,
1596 2530 1650 2569 ita
1668 2525 1879 2567 eminentia
1893 2525 1959 2565 illa
1973 2524 2013 2564 in
2029 2535 2114 2563 rnu-

266 2579 334 2623 ris,
352 2581 483 2631 peetus
501 2579 687 2622 defendat
702 2611 712 2621 .
753 2585 881 2624 Pinnae
893 2596 1025 2625 autem
1042 2585 1177 2626 mediae
1192 2584 1280 2626 sunt
1296 2587 1396 2626 inter
1409 2598 1595 2631 extrema,
1608 2585 1845 2627 summitates
1861 2585 2021 2640 inquam
2034 2592 2116 2623 tur-

266 2637 367 2676 rium
379 2639 417 2676 &
433 2650 634 2678 murorum
651 2665 663 2684 2
678 2653 776 2694 quas
793 2642 880 2682 Itali
900 2667 912 2686 ,
927 2642 1037 2682 merli
1051 2643 1089 2682 di
1107 2656 1220 2683 muro
1233 2669 1246 2689 ,
1258 2643 1419 2698 Hispani
1435 2643 1606 2684 almenas
1621 2655 1765 2686 vocant
1779 2673 1790 2682 .

214 2705 230 2732 ι
242 2706 291 2741 09
326 2693 474 2734 Milites
487 2695 526 2734 in
542 2694 648 2749 sylua
665 2698 794 2738 castris
806 2700 932 2740 vicina
944 2725 956 2744 2
973 2701 1113 2753 partim
1128 2700 1234 2753 ligna
1251 2701 1425 2745 caedunt,
1441 2702 1582 2755 partim
1600 2702 1638 2741 in
1656 2700 1773 2741 castra
1789 2708 2059 2754 comportant,
2070 2707 2114 2752 γε

264 2752 384 2790 muris
403 2754 441 2791 &
457 2754 708 2794 munimentis
723 2757 930 2797 castrorum
942 2758 1104 2812 reliquis
1115 2783 1127 2802 ,
1142 2757 1368 2798 interserant
1381 2788 1391 2798 .
1421 2761 1619 2813 Qantam
1633 2771 1763 2800 autem
1773 2759 1852 2799 vim
1865 2756 2008 2799 habeat
2023 2767 2082 2796 ars
2094 2777 2111 2798 ‚

263 2819 313 2846 ex
331 2807 406 2847 hoc
423 2808 516 2848 loco
532 2812 732 2864 perpende
749 2829 757 2851 ε
776 2827 865 2855 nam
887 2816 1029 2855 milites
1044 2816 1171 2870 hi,qui
1186 2815 1286 2869 aegre
1300 2827 1483 2869 magnum
1498 2817 1649 2870 tignum
1665 2827 1887 2871 portarent,
1901 2811 2014 2855 facile
2026 2811 2110 2853 duo

203 2867 222 2914 ξ
263 2867 418 2961 ἕεᾶεητ
432 2881 441 2908 3
457 2866 551 2908 dum
566 2870 749 2922 gracilius
763 2870 876 2927 super
892 2872 1079 2914 humeros
1093 2898 1105 2918 2
1121 2875 1276 2927 grauius
1292 2872 1387 2914 fune
1402 2872 1538 2913 exilio
1554 2874 1757 2928 alligatum
1771 2898 1785 2918 ,
1808 2871 1935 2914 miniis
1950 2867 2109 2927 grauate

282 2934 414 2961 erunt.

215 2989 232 3016 1
247 2992 294 3018 ιο
326 2980 435 3019 Tetti
442 2992 484 3018 us
500 2993 599 3032 pons
614 2985 768 3038 ligneus
782 2987 895 3042 super
910 2987 1073 3030 fluuium
1084 3013 1096 3032 >
1107 2985 1339 3030 fabrefactus
1352 2988 1393 3028 in
1409 2986 1516 3030 vsum
1530 2988 1766 3030 castrorumss
1983 3028 1986 3031 .
2005 3028 2008 3031 .

213 3047 229 3074 1
243 3049 257 3074 1
268 3049 288 3075 1
321 3036 457 3090 Equus
482 3038 642 3082 Caesaris
654 3045 838 3096 priuatim
851 3059 1011 3089 ornatus
1027 3070 1039 3090 2
1052 3047 1096 3086 δε
1108 3044 1131 3086 a
1144 3047 1269 3088 milite
1282 3047 1515 3102 praetoriano
1531 3058 1661 3089 tentus
1676 3071 1689 3091 2
1703 3044 1858 3088 interim
1872 3043 1967 3085 dum
1983 3041 2109 3099 ¹castra

264 3094 468 3147 perlustrat
479 3123 488 3133 .
571 3142 574 3145 Ι

210 3161 228 3190 1
244 3166 256 3190 1
269 3167 287 3190 2
323 3150 559 3215 Areliifiiber
571 3158 761 3197 mul-arius
778 3184 789 3203 ,
806 3161 875 3214 qui
892 3161 1071 3202 ministris
1086 3174 1200 3216 ,·quae
1217 3162 1303 3203 sunt
1316 3160 1496 3205 facienda
1508 3189 1520 3208 2
1535 3162 1727 3218 disponit.
2059 3200 2063 3201 ⁷
2101 3198 2103 3200 .

212 3221 229 3248 1
247 3222 287 3261 ¹3
321 3210 510 3253 Traianus
526 3210 723 3275 Augustus
740 3215 907 3278 fingulas
921 3220 1215 3266 munitiones,&
1234 3220 1442 3265 castrorum
1457 3217 2109 3277 patte32circuit&eontemplaturp
2147 3234 2151 3235 ⁷

2007 3285 2052 3316 vt
