2221 3512
1210 653 1400 746 AB
1504 595 1927 760 ETTr

318 830 321 833 Δ
399 846 401 849 ¹
492 772 883 828 GASPARIS
933 785 995 830 F·
1044 784 1506 837 VRBINATIS

237 901 844 997 EMISSARII
906 859 1325 997 LACVS
1350 869 1822 1067 FVCINL

559 1059 562 1063 ¹
649 1048 1335 1146 DESCRIPTIO
1432 1059 1435 1081 ²
1511 1077 1513 1080 ⁴

243 1267 251 1279 “·
311 1262 395 1304 AD
429 1262 917 1308 ILLVSTRISSIMVM
930 1267 1002 1308 ET
1033 1268 1582 1314 REVERENDISSIMVM
1614 1270 1671 1312 D.

71 1264 814 1483 JIACOBVM
870 1222 1918 1475 CANTELMVM

34 1511 39 1514 -
79 1472 778 1562 CAESAREAE·
826 1484 1877 1579 ARCfflEPiscova
1904 1605 1917 1622 ,-

208 1587 291 1634 EX
305 1592 397 1637 DV
402 1594 571 1641 CIBVS
603 1597 832 1645 POPVLI
858 1599 1225 1667 PATRITIVM·
1251 1604 1779 1654 NEAPOLITANVM

239 1794 253 1806 ⁹
391 1842 394 1845 Δ
436 1799 440 1851 j
510 1794 707 1856 ptionern
728 1794 983 1874 aggredi0r3
1015 1798 1259 1847 meminifle
1274 1816 1365 1847 non
1378 1802 1548 1865 possum
1566 1834 1580 1858 ,
1596 1803 1917 1856 Illustriffime„

214 1854 233 1879 τ
266 1871 274 1880 ²
293 1877 301 1886 ·
389 1859 392 1861 ’
442 1876 446 1879 ⁴
509 1864 878 1919 CANTELM1‚
908 1867 1016 1930 quin
1038 1876 1082 1915 δε
1111 1868 1236 1916 fimul
1252 1869 1532 1920 humanitatis
1550 1875 1656 1922 Tuae
1672 1873 1913 1923 recordatio

298 1936 310 1943 '
336 1951 344 1971 e
396 1988 400 1992 Α
510 1932 698 1980 iucunde
713 1934 962 1982 obuersetur
973 1938 1137 1993 animo,
1152 1956 1239 2003 qua
1253 1940 1360 1987 mihi
1376 1939 1634 2006 synceriores
1649 1943 1806 1994 dehoc
1815 1944 1914 1994 infi-

255 2054 270 2063 w
439 1996 442 2046 J
467 2061 470 2064 ἱ
513 2004 589 2067 gni
605 2021 733 2069 opere
746 2005 921 2052 notitias
937 2036 951 2060 ,
967 2022 1075 2054 voce
1103 2015 1147 2054 Sc
1162 2008 1319 2074 scripto
1334 2041 1346 2064 ‚
1373 2010 1513 2058 dum
1495 2012 1546 2058 ad
1565 2013 1669 2059 illud
1686 2013 1828 2078 primo
1848 2014 1917 2060 in-'

224 2075 237 2078 ’
320 2085 365 2103 β
428 2111 442 2114 μ.
509 2072 737 2121 uisendum
752 2074 993 2123 accederem
1012 2108 1024 2132 ,
1049 2077 1276 2127 tradidist1
1319 2083 1431 2128 Non
1447 2099 1492 2127 ea
1507 2097 1697 2146 igiturin
1712 2084 1795 2129 hoc
1812 2084 1915 2130 Tibi

69 2144 274 2212 inscripto
292 2145 680 2195 Commentariolo
697 2144 806 2192 mihi
823 2162 946 2192 mens
961 2148 1066 2201 erit,
1095 2162 1145 2195 vt
1159 2150 1263 2195 noui
1280 2149 1522 2229 quidquam
1549 2170 1624 2217 per
1643 2171 1712 2199 me
1730 2152 1831 2201 ribi
1850 2152 1913 2199 af-

68 2215 165 2263 ferri
197 2216 313 2282 pofle
344 2204 539 2272 ciedam,
568 2213 637 2262 sed
656 2214 797 2280 potius
813 2246 827 2269 ‚
859 2229 905 2263 vt
929 2233 1141 2280 quantum
1160 2221 1266 2265 Tuis
1283 2222 1464 2267 monitis
1482 2221 1762 2285 profecerim,
1791 2222 1911 2286 grate

70 2300 200 2351 atque
215 2288 403 2352 ingenue
419 2284 673 2340 ostendain3
689 2299 822 2348 vtque
837 2287 943 2332 meis
959 2287 1083 2333 dietis
1096 2318 1111 2342 ‚
1125 2302 1246 2334 tanto
1261 2288 1363 2335 teste
1379 2289 1573 2338 adhibito
1589 2322 1603 2345 ,
1620 2291 1754 2338 fidem
1767 2295 1910 2338 conci

71 2356 204 2412 liem3
221 2365 263 2404 Q
276 2388 289 2411 ‚
305 2356 423 2421 quod
441 2358 643 2405 Vltimum
661 2353 827 2431 seposui
841 2385 855 2409 ,
887 2358 1089 2419 quamuis
1105 2357 1149 2404 in
1162 2359 1312 2422 primis
1330 2375 1500 2423 vrgeat,
1528 2377 1575 2408 vt
1593 2361 1785 2426 obsequij
1819 2363 1907 2410 mei

68 2427 227 2490 pignus
242 2427 324 2472 hoc
339 2435 381 2474 &
395 2426 616 2473 indicium
636 2441 733 2489 erga
750 2429 787 2471 V
794 2426 905 2471 irum
922 2426 1132 2474 natalibus
1150 2428 1447 2484 clariffimum,
1460 2430 1700 2479 eruditione
1715 2431 1909 2496 praestan-

70 2510 159 2543 tem
176 2528 189 2551 ,
207 2504 249 2544 δέ
265 2492 553 2544 suauiffimis
542 2512 587 2542 in
605 2493 774 2541 summa
790 2494 965 2542 fortuna
982 2498 1177 2543 moribus
1193 2527 1207 2551 ‚
1225 2513 1408 2545 extas-et

72 2581 77 2584 ’
138 2565 278 2615 Musis
296 2565 616 2631 Mnemosyncs
633 2563 730 2625 filijs
744 2595 757 2619 ‚
773 2579 1005 2629 antequam
1022 2568 1244 2631 praelium
1231 2572 1390 2615 inirent
1403 2600 1419 2624 ,
1448 2570 1763 2618 Lacedemones
1779 2571 1905 2620 sacri

72 2633 206 2683 ficasse
216 2636 360 2684 ferunt
371 2667 385 2691 ,
401 2635 449 2683 ed
464 2636 515 2683 de
531 2633 673 2682 caussa
695 2665 708 2689 ³
723 2651 778 2680 ne
793 2634 906 2681 fama
923 2652 1002 2698 pra:
1008 2638 1219 2684 clarorum
1234 2636 1474 2686 facinorum
1490 2639 1725 2706 deperiret3
1755 2641 1907 2693 [αᾶαρ

71 2707 190 2752 enirn
211 2711 278 2769 (vt
294 2707 351 2752 ita
369 2708 544 2770 loquar)
560 2703 848 2757 transeuntia,
863 2706 1006 2769 qualia
1023 2704 1121 2753 sunt
1138 2724 1200 2760 ea,
1217 2724 1313 2771 quae
1327 2710 1371 2755 in
1389 2710 1502 2756 bello
1518 2725 1752 2774 geruntur,
1766 2711 1906 2760 Musis

0 2792 2 2798 ·
19 2776 35 2839 Ιὲ
74 2774 246 2823 tantum
262 2807 275 2831 ‚
293 2776 375 2822 hoc
391 2777 449 2823 est
466 2774 752 2840 Scriptoribus
770 2805 784 2828 ‚
802 2775 954 2827 vitam,
971 2786 1012 2822 Sc
1027 2779 1285 2824 memoriam
1300 2776 1482 2826 debent:
1496 2780 1607 2827 hisce
1623 2782 1739 2828 enim
1755 2779 1909 2829 ceffan-

72 2845 185 2892 tibus
201 2875 214 2899 ,
234 2848 251 2909 (
271 2861 326 2891 ne
338 2846 533 2893 aliunde
522 2862 567 2891 in
584 2843 845 2908 ampliffima
860 2847 1059 2893 Heroum
1071 2844 1209 2910 segete
1221 2878 1235 2901 ‚
1268 2864 1379 2911 quos
1394 2850 1557 2914 inclyta
1586 2853 1709 2898 Gens
1726 2853 1821 2899 Tua
1852 2852 1906 2898 ab

72 2916 198 2962 omni
216 2914 427 2962 memoria
444 2916 544 2962 tulit
558 2946 573 2970 ‚
588 2914 784 2978 exempla
799 2917 967 2978 petam)
985 2916 1139 2981 egregii
1156 2916 1219 2962 illi
1237 2918 1331 2965 Viri
1350 2917 1584 2967 Eberardus
1603 2923 1806 2969 Duncani
1818 2922 1906 2985 pris

67 2986 130 3032 mi
149 2988 379 3033 Scotorum
397 2987 533 3051 Regis
548 2983 657 3031 filius
674 2998 779 3030 natu
792 2983 1003 3030 minimus
1017 2987 1177 3033 virtute
1191 2988 1407 3036 maximus
1424 2992 1592 3054 generis
1619 2991 1705 3038 Tui
1722 2990 1873 3037 author
1887 3020 1903 3043 ‚

68 3054 244 3102 Restani
264 3056 407 3120 plures
425 3053 579 3102 'bellica
595 3053 720 3101 laude
734 3052 945 3118 insignes,
975 3071 1165 3119 quorum
1182 3055 1382 3121 vestigia
1371 3076 1418 3105 in
1436 3059 1611 3125 Belgico
1640 3061 1716 3107 illo
1739 3059 1902 3106 Gloriae

64 3123 228 3172 theatro
246 3125 463 3175 Restanus
476 3125 604 3195 frater
615 3123 882 3191 persequitur
897 3152 912 3179 ‚
927 3124 1135 3173 Andraeas
1148 3124 1277 3174 huius
1291 3127 1430 3176 saeculi
1443 3129 1768 3196 Epaminondas
1782 3158 1796 3182 ‚
1806 3131 1833 3242 b(
1848 3127 1904 3176 fic

1096 3198 1136 3243 C
1152 3213 1173 3241 c
1189 3212 1212 3242 e
1781 3213 1801 3242 a
