2221 3512
453 120 570 186 DE
611 119 817 186 coL·
865 122 1278 191 TRAiAm
1323 128 1515 194 CAP·
1558 131 1610 196 1⁶
1760 196 1763 197 f
1778 165 1855 222 17

56 237 83 292 Ᾰ
122 222 196 295 ijs,
214 222 411 300 quaefieri
427 232 564 280 solent
577 262 592 286 ‚
607 247 653 278 ne
667 248 848 279 euentum
865 233 972 281 zeelli
987 232 1195 298 expefbaffl
1210 267 1223 290 ,
1236 253 1307 283 aut
1323 254 1371 283 ex
1383 239 1558 287 omnibus
1573 243 1764 311 nouiffimi
1773 250 1942 314 eveniffe

122 303 352 353 viderentur
366 322 380 359 3
395 318 443 351 vt
457 304 502 349 in
518 301 642 348 fimili
659 300 768 347 Belli
781 303 967 349 ineuntis
980 301 1155 351 fortuna
1166 303 1306 352 Caesar
1319 305 1393 359 lib.
1406 310 1438 355 1.
1450 306 1503 356 de
1512 311 1617 360 Bell.
1631 314 1730 359 Ciu·
1744 315 1946 364 animadss

123 375 249 435 uertit
263 392 275 429 3
290 380 334 420 δε
350 371 626 421 succeffiuum
639 370 885 433 exemplum
900 387 1020 418 num.
1045 388 1062 420 ι
1072 386 1102 429 4
1114 389 1150 432 ς.
1169 373 1336 421 alterius
1352 375 1570 428 foederatae
1582 383 1721 445 gentis
1736 368 1943 449 compro-3

123 444 220 489 bat:
249 441 378 506 idque
401 437 641 506 promptius
657 440 784 485 Sueui
797 438 981 486 fecissent
994 470 1008 493 ,
1038 453 1246 505 tanquam
1260 444 1421 494 iamdiu
1452 448 1626 496 inimica
1643 453 1773 499 Dacis
1789 456 1938 512 natio,

123 503 294 578 propter
309 509 427 574 quod
460 511 504 555 in
521 506 645 556 arena
661 508 768 555 olim
800 511 959 555 Sueuos
983 527 1082 556 curn
1102 512 1231 558 Dacis
1255 513 1513 579 compositos
1529 518 1711 583 legimus
1726 521 1770 568 in
1787 524 1938 569 Dione

125 581 198 629 lib.
214 578 282 629 [I.
297 576 519 626 Euanescit
535 579 679 641 itaque
694 576 835 641 regula
849 607 863 630 ,
889 594 1036 642 quam,
1051 577 1116 623 his
1132 581 1253 643 equis
1269 581 1361 629 visis
1373 613 1386 637 ,
1401 585 1528 632 nullis
1543 586 1733 652 stragulis
1745 606 1818 637 aut
1831 591 1948 656 pha-,

57 655 91 702 tf
127 639 221 698 leris
237 642 396 696 ornatis
409 679 422 701 ‚
440 655 559 693 num.
583 662 682 705 ¹42·
697 644 970 710 praescribunt
983 679 996 702 ,
1013 651 1131 694 Dacos
1141 647 1285 708 sedicet
1300 646 1407 699 nudo
1422 653 1551 718 dorfi,
1571 657 1701 720 &filo
1711 658 1836 723 frana
1850 680 1937 708 ⁶0„-

125 735 254 772 tentos,
270 718 474 784 equiraffi:
489 717 590 780 quia
602 717 741 777 potius
755 714 852 779 ephi
856 717 1024 780 ppiatos
1037 717 1215 783 equites,
1227 717 1483 784 eosdemque
1495 724 1658 780 Dac05,
1675 730 1742 786 (vt
1752 725 1804 773 ad
1813 728 1942 777 num·'

133 798 237 847 146.
253 795 294 834 &
314 804 333 846 3
352 804 424 836 ιι.
439 787 634 849 Exegetae
653 784 779 832 nostri
794 784 1030 845 adnotant)
1059 799 1204 832 contra
1234 791 1281 833 ea
1307 805 1400 853 quae
1415 789 1483 836 hic
1502 790 1767 850 statuuntur,
1791 796 1937 845 videre

125 858 283 922 poteris
299 886 312 909 ,
328 869 372 902 vt
388 853 539 900 refflus
560 852 683 900 hosce
698 871 746 899 ex
762 852 858 900 albo
876 856 1097 901 Dacorum
1122 857 1318 918 equitum
1344 876 1637 925 expungamus
1654 894 1667 905 .
1695 866 1817 926 Qu
1842 866 1939 914 imo

126 930 286 974 Sueuos
302 941 374 971 eos
393 920 511 970 fuiffe
526 922 626 968 hinc
643 939 818 987 quoque
833 923 1078 987 colligimus
1089 954 1102 977 ,
1119 927 1218 987 quia
1234 929 1387 994 Neque
1400 948 1530 977 eorum
1547 930 1712 979 moribus
1728 963 1742 987 ‚
1755 949 1805 983 Vt
1818 933 1870 983 de
1883 936 1938 998 ijs

126 997 183 1042 ait
204 993 342 1043 Caesar
359 992 410 1039 de
427 993 528 1039 Bell.
549 991 661 1039 Gall.
677 991 749 1041 lib.
771 995 848 1037 IV.
874 1009 1026 1056 turptus
1039 992 1290 1059 quidquam,
1319 1013 1390 1043 aut
1405 1004 1571 1046 inertius
1598 998 1787 1051 habetur,
1815 1005 1936 1070 φάνη

64 1065 92 1115 ὁ
126 1062 311 1130 ερέιιρρᾔς
335 1071 401 1110 vti
419 1079 430 1107 ε
462 1062 537 1125 qui
566 1059 738 1107 Caesaris
754 1061 870 1108 locus
896 1062 1022 1108 etiam
1050 1061 1211 1126 ped³tes
1224 1063 1322 1111 istos
1336 1066 1506 1130 pellitos
1533 1076 1576 1115 δε
1598 1068 1842 1120 seminudos
1856 1090 1937 1139 pro

128 1136 274 1181 Sueuis
286 1129 508 1178 confirmat
522 1158 539 1185 ,-
552 1129 610 1176 ibi
625 1160 638 1184 ‚
660 1134 796 1196 Atque
816 1136 861 1177 in
884 1149 967 1177 eam
984 1131 1032 1194 se
1045 1130 1359 1195 consuetudinem
1371 1132 1635 1185 adduxerunt
1650 1171 1665 1196 ‚
1691 1158 1741 1188 vt
1753 1142 1934 1208 locis-fri.

119 1200 320 1270 gidjffimis
335 1232 348 1257 ,
365 1219 488 1266 neque
499 1201 680 1266 ‘vsstnm
690 1216 822 1264 praeter
830 1201 948 1264 pelles
971 1198 1136 1248 babeant
1151 1200 1366 1268 quidquam
1381 1235 1396 1260 ‚
1416 1222 1586 1270 quarum
1593 1222 1753 1275 propter
1776 1218 1933 1276 extgus‘·

132 1289 250 1320 tatem
265 1300 280 1324 ,
300 1287 434 1335 magna
448 1273 500 1336 est
512 1276 669 1333 corporis
678 1283 771 1334 pars
786 1284 920 1334 aperta
935 1302 946 1313 .

194 1339 352 1388 Pluries
382 1340 425 1384 in
450 1336 527 1385 hac
551 1336 769 1385 Columna
783 1336 1028 1386 describitur
1048 1339 1380 1398 castrametat10‚
1395 1343 1454 1389 ita
1471 1356 1518 1391 vt
1531 1343 1762 1409 praesertim
1778 1347 1938 1397 sucees-

128 1406 210 1454 siue
225 1408 301 1454 alia
312 1408 442 1455 aliam
457 1437 473 1462 ,
487 1407 608 1453 nullo
618 1404 784 1472 'praeli0‚
801 1410 866 1455 vel
879 1408 1029 1455 celebri
1042 1409 1151 1456 facto
1166 1410 1437 1468 intermedio,
1449 1413 1732 1478 consequatur
1742 1450 1754 1461 .
1774 1421 1941 1468 Decem

61 1493 92 1525 n
134 1476 230 1542 plus
257 1477 400 1524 minus
424 1490 702 1524 numerantur
721 1478 830 1524 inter
854 1481 1040 1541 primam
1064 1479 1354 1529 lustrationem
1369 1485 1571 1530 exercitus
1584 1497 1706 1534 num.'v
1725 1487 1806 1554 78.
1823 1517 1837 1542 ,
1854 1488 1943 1554 pri-

129 1545 334 1610 mamque
348 1545 447 1593 cum
465 1547 595 1592 Dacis
609 1563 800 1612 pugnam
817 1548 1052 1595 consertam
1068 1566 1188 1596 num.
1211 1565 1227 1596 1
1240 1567 1261 1610 3
1275 1566 1316 1601 2.
1345 1555 1455 1614 Qae
1472 1568 1528 1599 ne
1544 1553 1749 1603 inutiliter
1763 1559 1943 1623 repetita

130 1613 398 1671 censeantur3
413 1614 496 1661 dici
512 1614 635 1662 debet
648 1646 662 1670 ‚
678 1614 826 1663 exinde
840 1614 1059 1680 significari
1073 1648 1088 1672 ‚
1103 1620 1248 1682 quotis
1263 1619 1399 1667 castris
1410 1650 1425 1674 ,
1439 1619 1542 1669 idest
1554 1653 1568 1676 ,
1582 1621 1732 1673 diebus
1748 1628 1944 1675 militaris

132 1687 294 1733 itineris
309 1716 323 1738 ,
339 1684 545 1731 Traianus
570 1685 614 1732 in
631 1684 840 1733 hosticum
855 1685 1091 1752 progressus
1117 1688 1267 1737 fuerit.
1298 1693 1356 1735 lta
1380 1691 1498 1738 enim
1520 1692 1761 1758 colligitur,
1776 1693 1944 1761 recepta

133 1754 245 1821 apud
262 1752 496 1807 Casarem,
523 1753 706 1819 aliosque
731 1755 922 1819 optimos
950 1756 1148 1804 authores
1168 1755 1336 1805 dicendi
1349 1758 1565 1816 formula,
1591 1761 1712 1810 denis
1735 1762 1942 1816 demum..

133 1826 271 1872 castris
299 1825 488 1870 Traiano
514 1825 683 1887 copiam
707 1840 807 1871 curn
838 1822 955 1871 hoste
968 1825 1190 1890 pugnandi
1215 1826 1370 1876 saetam
1386 1860 1398 1873 .
1429 1830 1713 1895 Diligentiam
1738 1847 1883 1882 autem
1899 1844 1947 1884 ὅ(

64 1898 91 1937 ἰ
135 1894 449 1942 festinationem
477 1891 620 1942 forsan
647 1892 748 1939 hinc
762 1892 1058 1958 colligeremus
1074 1924 1089 1949 ,
1117 1894 1146 1941 si
1163 1897 1279 1943 locus
1295 1914 1349 1961 pu
1354 1914 1446 1960 gnae
1465 1897 1771 1949 innotesceret:
1790 1921 1946 1968 quem-

134 1961 366 2010 admodum
385 1961 650 2010 velocitatem
665 1962 773 2026 pene
789 1961 1082 2011 incredibilem
1099 1968 1300 2012 exercitus
1331 1964 1507 2016 Caesaris
1537 1970 1644 2016 circa
1669 1971 1944 2023 Placentiam

135 2031 335 2082 versantis
349 2061 362 2086 ,
376 2029 559 2080 ostendit
575 2034 769 2082 Lucanus
783 2031 848 2078 his
860 2031 1041 2080 verfibus
1054 2032 1130 2080 lib.
1147 2037 1201 2081 V.

136 2094 140 2099 ⁴
668 2104 864 2167 poendque
880 2099 982 2149 redit
993 2103 1153 2168 placata
1168 2110 1381 2151 iuuentus:

407 2167 686 2233 Brundusium
712 2167 874 2218 decimis
904 2169 1009 2218 iubet
1035 2172 1135 2219 hanc
1163 2181 1349 2236 attingere
1375 2175 1503 2240 castris
1519 2207 1532 2220 .

137 2243 233 2288 Haee
247 2240 394 2288 eadem
421 2257 499 2305 pro
516 2239 607 2299 alijs
622 2237 948 2304 quibuscunque
966 2241 1210 2288 Castrorum
1236 2242 1548 2291 mutationibus
1561 2275 1575 2300 ,
1588 2263 1682 2312 quae
1699 2248 1944 2317 frequenter

69 2318 94 2349 ἓ
139 2324 365 2358 occurrunt
377 2339 391 2364 ‚
406 2309 515 2357 die‘ta
529 2309 675 2357 volui.

206 2378 315 2427 Illud
330 2379 433 2427 vero
448 2377 588 2426 forsan
615 2378 694 2424 erit
720 2375 944 2432 hariolari,
969 2377 1090 2444 quod
1107 2379 1308 2428 Barbarus
1324 2381 1393 2428 ille
1418 2381 1663 2432 seminudus
1702 2404 1802 2437 cum
1818 2390 1940 2440 claui

145 2449 298 2497 num-8
309 2463 347 2507 5.
360 2479 375 2503 ,
390 2451 424 2495 is
442 2447 568 2496 fuerit
579 2447 685 2511 ‚qu55
700 2459 748 2494 vt
763 2448 854 2494 Dio
869 2447 991 2495 refert
1006 2478 1020 2502 2
1031 2449 1054 2494 ὰ
1067 2455 1190 2509 Burts
1201 2449 1388 2518 ficiffsjue
1402 2454 1735 2517 caeteri5,sungum
1751 2467 1941 2524 ingentem

142 2522 318 2564 Traiano
342 2516 520 2564 attulerit
532 2547 546 2571 ‚
573 2534 616 2563 m
630 2534 702 2581 quo
718 2514 908 2580 scriptum
923 2535 1003 2564 erat
1016 2519 1156 2565 latinis
1183 2520 1309 2565 litem
1327 2518 1551 2582 ,fiederatos
1568 2542 1698 2572 omnes
1726 2525 1940 2577 &Traiano

135 2601 266 2652 petere
278 2618 293 2641 ,
306 2603 356 2633 vt
364 2602 460 2651 pace
463 2584 585 2650 [αῐέἂ
597 2583 754 2632 domum
776 2602 1025 2633 reuerteretur
1039 2606 1053 2644 3
1065 2585 1169 2653 quod
1181 2595 1371 2635 monitum
1400 2608 1638 2638 contemnens
1652 2624 1663 2645 ‚
1681 2594 1940 2645 nihilominus

142 2654 323 2719 conflixit
336 2686 349 2698 .
379 2656 499 2701 Nam
521 2653 635 2701 orbis
649 2653 719 2699 ille
733 2652 915 2701 cariosus
928 2686 941 2709 ,
964 2657 1106 2720 potius
1122 2656 1281 2703 lentam
1297 2675 1343 2704 ac
1357 2656 1629 2724 spongiosam
1646 2661 1771 2728 fungi
1785 2665 1940 2717 faciem

62 2734 106 2767 'G
143 2724 340 2790 exprimit
353 2754 367 2778 ,
382 2721 513 2788 quam
528 2722 709 2770 cribrum
725 2740 736 2768 t
753 2738 1029 2788 praeterquam
1042 2756 1055 2780 ,
1070 2742 1210 2790 neque
1223 2727 1279 2773 est
1293 2729 1436 2792 patula
1450 2737 1493 2776 δι
1508 2729 1673 2779 extensa
1684 2762 1698 2788 ‚
1710 2731 1781 2781 sed
1793 2736 1942 2787 leuiter

141 2795 321 2841 incurua
333 2823 347 2847 ,
364 2801 406 2840 Sc
421 2793 613 2857 margine
628 2822 642 2846 ,
658 2794 735 2857 qui
749 2794 1082 2859 circumquaque
1101 2796 1139 2841 ei
1152 2794 1397 2860 adpingitur
1408 2827 1421 2852 ,
1432 2811 1562 2846 caret.
1579 2800 1740 2851 Verum
1755 2820 1940 2871 quoquo

142 2861 276 2912 modo
288 2879 351 2911 res
363 2859 404 2909 se
419 2862 569 2908 habeat
582 2891 595 2915 ,
611 2859 638 2907 si
653 2862 742 2910 haec
757 2879 852 2909 mea
866 2861 918 2909 de
933 2861 1070 2928 fungo
1085 2862 1311 2920 diuinatio,
1325 2863 1431 2915 tami
1444 2870 1496 2936 est
1506 2897 1521 2922 ‚
1537 2870 1610 2932 (vt
1622 2873 1942 2935 prouerbialjter

142 2934 201 2981 ait
225 2931 398 2981 Plautus
427 2934 446 2991 )
473 2926 617 2996 quant't
629 2930 786 2996 fungus
804 2932 974 2995 putidus
1001 2950 1015 2989 3
1042 2950 1124 2998 ego
1145 2951 1216 2982 me
1246 2954 1391 3001 aquam
1415 2935 1536 2984 cribro
1561 2939 1722 3007 hausiffi·
1745 2944 1906 3006 putabo
1923 2978 1934 2989 .

142 3005 239 3049 Hoc
254 3001 383 3047 etiam
404 2999 514 3048 forte
528 2998 764 3047 credibilius
789 2998 957 3048 afferam
970 3033 980 3054 ,
994 3001 1270 3056 κοσκινᾶμοινἹιν
1305 3011 1324 3067 (
1338 3006 1613 3055 notiffimum
1639 3028 1689 3055 ex
1706 3012 1940 3059 Theocrirf)

142 3070 203 3120 Id.
219 3073 288 3118 ΙΙΙ.
306 3069 446 3119 futura
456 3067 769 3139 praenuntiandi
779 3068 1013 3139 artificem)
1041 3072 1109 3141 hic
1122 3070 1322 3139 designari
1339 3106 1353 3130 ,
1380 3076 1457 3138 qui
1470 3074 1546 3123 sub
1562 3078 1738 3128 initium
1752 3079 1847 3126 belh
1864 3111 1876 3133 ‚
1891 3080 1940 3127 dc

1380 3148 1422 3192 C
1794 3151 1880 3194 eius
