2221 3512
378 216 496 282 132
679 181 1320 257 RAPHAEms
1398 180 1956 247 FABRETTI

288 302 422 357 bent3
451 298 545 349 imo
562 301 692 351 etiarn
709 298 862 367 quarta
878 298 941 348 sui
957 310 1074 361 parte
1091 296 1232 343 maior
1247 291 1372 361 prodi
1377 292 1500 359 giosfi
1516 291 1798 358 quadraginta
1812 292 2017 344 ordinum
2031 298 2154 347 Naui
2191 329 2202 350 Α

286 373 585 439 Philopatoris
599 403 614 426 ,
627 388 726 437 quae
740 400 755 424 ,
769 369 870 420 cum
884 369 928 414 in
945 381 1092 414 totum
1111 367 1246 430 longa
1269 365 1410 414 fuisset
1425 366 1699 412 CCLXXX.
1728 373 1898 410 cubitos
1912 398 1927 424 ‚
1952 381 1999 414 vt
2014 368 2155 415 Athe-

289 459 406 491 naeus
418 441 544 493 refert
560 477 573 499 ,
590 443 679 490 haec
696 457 798 488 cum
814 437 1069 487 breniffimo
1082 452 1174 483 non
1192 434 1426 500 plusquam
1444 433 1632 482 duorum
1649 435 1900 482 cubitorum
1918 436 2152 485 inter-scal-

285 516 380 562 mio
394 543 409 568 ,
425 512 552 579 prora
566 528 613 558 ac
627 510 766 575 puppi
782 506 926 555 addita
944 513 963 569 (
978 523 1164 572 quarum
1181 504 1357 553 insimul
1386 503 1618 570 longitudo
1635 520 1728 552 non
1742 506 1890 553 minor
1906 522 2053 554 ventre
2068 510 2147 556 im.

288 600 381 650 quo
395 581 504 629 remi
518 579 788 630 collocantur
802 576 882 626 esse
893 577 1031 634 solet)
1061 580 1245 625 CCCC.
1276 572 1418 623 forsan
1445 572 1666 639 aequasset,
1696 575 1726 623 fi
1741 590 1919 625 centum
1933 578 2116 643 remiges
2133 608 2148 633 ,

285 646 557 713 totidemque
572 665 717 697 remos
733 649 745 695 i
751 665 779 696 n
795 648 981 714 longum
999 649 1270 711 exporreetos
1283 643 1492 692 habuisset
1506 676 1518 689 .

349 718 498 768 Modo
514 721 690 785 itaque,
719 717 951 784 postquam
965 717 1056 766 haec
1070 715 1207 782 magls
1223 715 1387 763 insueta
1404 713 1599 782 Nauigia
1622 730 1714 763 non
1732 716 2040 774 incommode,
2056 718 2146 773 seu,
2191 739 2197 767 ι

283 804 334 840 vt
347 789 499 838 mitius
517 789 661 840 dicam
675 820 689 843 ‚
705 806 797 836 non
816 787 1143 854 impossibiliter
1157 784 1210 833 ad
1226 786 1396 850 praxim
1408 782 1606 834 reducere
1618 788 1882 834 tentauimus
1897 804 1909 842 3
1923 787 2090 836 facilius
2104 787 2149 835 id

285 878 363 911 me
381 860 580 908 obtinere
597 858 713 926 posse
730 857 852 925 spero
864 862 908 905 in
923 858 1028 920 alijs,
1045 873 1140 925 quae
1154 870 1284 905 vocat
1297 854 1439 904 idoneae
1454 854 1641 924 mensurae
1653 858 1859 921 Vegetius
1872 857 1987 906 dioto
2003 859 2075 906 lib.
2092 863 2146 908 V.

293 948 386 997 cap.
405 934 520 986 Vll„
538 932 722 996 quaequc
733 927 1001 994 adsummum
1018 927 1400 994 quinos-finiuntur
1414 933 1606 993 remigum
1611 924 1761 993 gradus
1777 945 1791 984 3
1808 926 1860 973 eo
1879 930 2066 976 maxime
2083 961 2097 985 ‚
2118 929 2148 977 si

285 1001 509 1069 supremus
526 1000 635 1051 ordo
653 1005 669 1064 ζ
688 1014 737 1047 vt
753 1000 798 1044 in
815 999 1040 1047 Columnii
1065 997 1278 1054 videmus,
1294 1005 1338 1046 &
1355 998 1401 1043 in
1419 998 1615 1044 nummis
1631 999 1761 1046 etiam
1779 999 2020 1063 intelligere
2034 1001 2148 1054 licet,

282 1070 390 1119 dum
405 1075 589 1136 remiges
604 1072 921 1136 superextantes
938 1072 1176 1134 apparent)
1204 1068 1302 1117 suos
1324 1084 1469 1115 remos
1487 1067 1508 1113 ὲ
1524 1067 1695 1115 clathris
1724 1067 1796 1115 seu
1813 1070 2149 1133 propugnaculis

282 1155 422 1189 exerat
435 1174 446 1186 .
484 1147 708 1207 Qattuor
723 1140 841 1189 enim
857 1139 1077 1188 inferiores
1096 1138 1266 1186 ordines
1279 1139 1386 1204 pure
1403 1139 1449 1184 in
1465 1139 1761 1205 quincuncem
1775 1137 1992 1203 dispositi,
2017 1157 2146 1188 non-a

281 1213 475 1277 integros
491 1211 654 1279 septem
669 1209 837 1259 cubitos
853 1211 966 1259 aluei
981 1210 1127 1257 Nauis
1152 1208 1276 1275 supra
1302 1210 1489 1257 carinam
1518 1209 1818 1275 occupabunt3
1843 1208 1984 1274 siccjue
2001 1211 2150 1257 immi-

285 1282 393 1332 nuta
412 1283 545 1331 etiam
562 1280 791 1330 altitudine
808 1279 937 1346 ipsius
952 1282 1105 1331 carinae
1120 1278 1172 1326 ad
1188 1282 1516 1343 proportionem
1532 1280 1674 1328 Nauis
1686 1310 1700 1336 ,
1725 1278 1992 1346 deprimetur
2007 1283 2150 1328 altitu-

285 1352 345 1400 do
361 1351 567 1401 cathetica
580 1382 595 1406 a
612 1359 656 1399 &
671 1349 985 1416 consequenter
998 1348 1302 1416 hypothenusa
1317 1347 1607 1414 longitudinis
1623 1351 1729 1397 remi
1745 1349 1965 1405 inclinati,
1999 1350 2147 1399 huius-

287 1423 372 1490 que
389 1421 577 1489 respetstu
592 1452 607 1476 ,
628 1423 773 1487 portio
788 1420 1002 1483 manubrij
1017 1451 1032 1476 ,
1055 1418 1431 1476 &immersioni53
1458 1423 1514 1466 ita
1529 1434 1577 1467 vt
1600 1427 1644 1467 Sc
1673 1417 1814 1467 idoneae
1830 1421 2014 1487 mensiune
2035 1422 2146 1469 remi

288 1509 469 1558 quoque
483 1491 566 1540 dici
587 1505 856 1547 mereantur,
873 1505 920 1539 vt
934 1489 1216 1541 consideranti
1229 1488 1277 1538 fit
1291 1490 1476 1555 planum
1492 1523 1504 1544 ,
1532 1498 1576 1538 &
1590 1507 1666 1557 per
1690 1488 1959 1555 suppositum
1974 1489 2146 1539 schema

285 1563 556 1629 aliquatenus
575 1561 883 1627 imaginationi
899 1560 1209 1618 succurremus3
1223 1576 1315 1608 non
1333 1562 1419 1608 iam
1436 1560 1580 1607 exanite
1595 1562 1903 1608 mechanicum
1915 1559 2147 1626 supputati·
2191 1582 2195 1600 ·

282 1648 341 1680 tes
360 1631 665 1682 commensum
680 1662 694 1686 ,
717 1630 789 1678 sed
819 1630 1046 1697 probabile
1068 1629 1241 1680 reddere
1255 1661 1271 1687 ,
1287 1638 1331 1679 δι
1357 1631 1379 1677 εὶ
1400 1629 1574 1678 fictione
1603 1628 1824 1679 vindicare
1845 1646 2055 1682 conantes
2073 1631 2117 1680 id
2132 1665 2147 1690 ,

282 1701 442 1767 quod(
457 1715 507 1750 vt
520 1702 666 1769 plures
680 1701 770 1750 iam
784 1699 1005 1764 diximus)
1019 1703 1065 1750 in
1077 1718 1320 1756 marmore,
1335 1709 1378 1749 Sc
1393 1701 1439 1750 in
1454 1702 1650 1749 nummis
1668 1703 1886 1749 cernimus
1902 1733 1914 1746 .

672 1907 679 1914 .
720 1868 1820 1929 ‘ffliffiffllfflffliffiaeislssffi

1787 1941 1815 1972 c

279 2353 350 2394 AB
383 2354 511 2397 alueus
538 2357 827 2410 Quinquennis
844 2354 969 2409 longus
988 2354 1073 2413 ped.
1100 2356 1193 2396 LV.
1247 2353 1525 2407 inter-scalmia
1540 2352 1734 2401 Dim-dyc.
1755 2354 2019 2395 orizontaliter
2030 2353 2146 2395 dimit
2174 2361 2192 2394 t

274 2411 344 2452 CD
382 2411 539 2452 altitudo
549 2413 866 2466 perpendicularis
879 2412 1045 2466 &stemma
1055 2412 1190 2465 scalmo
1333 2414 1432 2452 inter
1441 2411 1485 2465 ft
1494 2412 1578 2466 ped.
1600 2413 1648 2451 V.
2177 2420 2188 2450 i

371 2467 648 2510 Thrant'tarum
664 2470 716 2510 ad
739 2473 858 2512 imum
878 2469 1186 2512 Thalamiaearum
1240 2467 1367 2510 eadem
1379 2468 1648 2521 inter-fialmiae
1662 2468 1820 2524 oblique),
1831 2468 1923 2524 put)
1945 2469 2025 2509 DH
2068 2470 2144 2510 HF

361 2530 449 2581 ped.
475 2532 517 2567 Χ.
1329 2527 1385 2567 FI
1408 2525 1481 2572 &a
1511 2525 1741 2582 distantped.
1760 2529 1835 2568 111.
1862 2528 2019 2576 &semis
2051 2554 2063 2573 ‚
2093 2526 2142 2571 (θ’

278 2583 346 2625 DE
383 2583 540 2624 altitudo
554 2583 604 2626 ab
617 2585 859 2638 imisfialmis
877 2585 998 2642 vsque
1011 2583 1062 2626 ad
1075 2583 1176 2639 aqui
1318 2582 1468 2638 aliquid
1479 2581 1635 2637 amplias
1649 2597 1658 2623 ε
1674 2597 1802 2638 nempe
1824 2584 1986 2626 radicem
2006 2599 2139 2624 nume-

358 2639 442 2696 ped.
464 2642 512 2681 V.
1321 2644 1356 2681 ri
1381 2654 1396 2680 1
1408 2654 1443 2680 κ.
1460 2653 1539 2681 cum
1555 2641 1707 2681 dimidio

350 2701 546 2747 Nummi
562 2717 664 2767 ergo
683 2710 724 2749 Sc
740 2698 817 2766 ipsi
846 2700 863 2765 (
884 2699 1003 2767 quod
1019 2699 1159 2748 nescio
1174 2716 1228 2746 an
1244 2699 1372 2747 alicui
1401 2696 1675 2762 adhucusque
1690 2698 1965 2748 obseruatum
1981 2699 2139 2759 fuerit)

283 2767 471 2815 nostram
491 2769 697 2824 ordinum
714 2772 760 2818 in
777 2771 911 2820 altum
929 2770 1250 2818 distinotionem
1264 2770 1429 2817 mirum
1445 2771 1489 2815 in
1506 2767 1690 2817 modum
1703 2783 1983 2836 promouent.
2015 2773 2140 2817 Nam

282 2839 484 2900 quamuis
504 2840 727 2903 pufillulus
742 2842 889 2889 circuli
904 2843 1111 2897 ambitus,
1126 2841 1257 2888 literis
1271 2838 1432 2905 quibus
1448 2839 1797 2906 circumfignatur
1809 2839 2029 2905 angustior
2045 2838 2138 2887 red·
2164 2843 2183 2882 ’ἰ

278 2904 394 2953 ditus
407 2937 421 2961 ,
442 2910 515 2954 vix
538 2909 649 2959 lianc
662 2908 875 2960 diuersam
891 2910 1040 2959 seriem
1059 2913 1145 2978 pati
1159 2908 1276 2978 posse
1292 2908 1435 2958 credas
1465 2925 1478 2957 :
1506 2923 1655 2959 tamen
1671 2911 1790 2959 illam
1805 2909 1968 2957 nedum
1986 2911 2032 2956 in
2049 2910 2138 2974 pri-

282 2993 364 3025 mae
377 2976 530 3027 formae
543 3009 558 3033 a
573 2980 643 3031 sed
659 2989 703 3030 Sc
719 2983 765 3029 in
781 2980 1012 3033 mediocris
1031 2979 1348 3047 magnitudinis
1363 2981 1558 3027 nummis
1574 2979 1713 3029 videre
1729 2980 1785 3029 est
1800 3015 1812 3025 i
1853 2983 1912 3028 Et
1926 2978 2138 3044 quidem.²
2161 2977 2162 2981 ¹

277 3045 592 3103 diuersimodes
620 3067 722 3101 nam
740 3052 785 3100 in
800 3054 946 3118 primo
969 3069 1021 3100 ex
1034 3051 1103 3101 hic
1117 3050 1316 3100 subiec'Ttis
1332 3082 1345 3107 ‚
1365 3050 1622 3101 eremorum
1640 3049 1980 3100 extremitatibus
2010 3051 2027 3115 (
2042 3050 2136 3116 pal-

277 3116 418 3169 mulas
435 3121 625 3178 vocant)
656 3121 873 3182 pluralitas
886 3121 1092 3170 ordinum
1106 3152 1122 3178 ,
1133 3130 1177 3170 &
1191 3121 1370 3188 quidem
1391 3121 1526 3169 trium
1542 3152 1556 3178 ,
1571 3127 1591 3186 (
1601 3121 1647 3171 n‘i
1662 3120 1837 3171 infimus
1852 3138 2013 3187 aquam
2028 3137 2135 3167 con-

280 3187 454 3253 tingens
471 3203 552 3236 nos
567 3188 706 3253 fallit)
724 3203 771 3239 vt
785 3192 830 3238 in
846 3193 1052 3242 Praetorii
1075 3194 1248 3244 Traiani
1269 3209 1394 3244 num.
1413 3207 1543 3258 233‘3
1632 3188 1646 3194 ‚‚

1528 3258 1541 3261 ’”
1912 3262 1957 3309 in
1973 3260 2067 3324 alijs
