2221 3512
281 176 400 242 DE
445 172 650 238 COL·
699 171 1112 238 TRAIANI
1157 173 1355 238 CAP·
1402 175 1546 240 VII·
1725 184 1845 264 191⁴

11 311 36 342 Α
72 290 201 338 fuerit
216 290 473 356 procedente
492 303 687 352 tempore
705 285 927 351 Aquilifer
946 290 1309 339 Proetorianorum
1325 289 1455 341 Vrbis
1469 311 1482 338 :
1511 297 1624 356 Qae
1641 291 1789 343 tamen
1804 294 1928 343 facile

75 361 246 409 tollitur
260 381 309 408 cx
327 359 416 408 sola
434 356 561 422 ipfius
576 356 755 404 iuuenta
772 388 787 413 ,
815 364 859 405 Sc
873 362 1087 424 paucitate
1104 359 1420 427 stipendiorum
1437 380 1450 418 3
1479 378 1584 411 nam
1610 366 1746 412 lentus
1775 384 1859 413 erat
1875 364 1929 414 ad

67 439 247 496 primum
260 429 366 478 hunc
379 425 559 475 ordinem
575 427 756 494 aſsensus
768 458 783 483 ,
798 441 847 474 vt
861 429 1031 477 Plinius
1046 446 1230 479 annotat
1243 431 1296 480 ad
1310 431 1383 481 fin.
1400 450 1490 499 cap.
1502 436 1535 480 Ι.
1553 433 1628 488 lib.
1643 439 1764 484 XIV.
1781 454 1793 492 3
1808 436 1927 482 hinc·

73 499 163 564 ciue
176 499 392 548 quenalis
407 498 623 563 carpendo
642 502 658 559 (
680 512 728 545 vt
742 498 804 545 illi
821 500 950 563 mos)
972 499 1213 551 tarditatem
1232 504 1397 568 praemij
1410 534 1424 560 ,
1440 505 1563 553 cuius
1580 506 1745 554 intuitu
1761 520 1829 555 tot
1844 508 1928 553 mi,

73 572 176 618 litiae
194 569 355 618 labores
373 567 613 616 obdurandi
630 582 750 615 erant
762 599 776 622 ,
791 570 850 615 ait
868 572 1006 634 Satyr.
1024 574 1147 619 XIV.

349 639 405 686 Vt
417 639 647 704 locupletem
661 639 839 706 aquilam
856 637 1205 707 tibisexagefimus
1225 659 1360 691 annus

7 730 30 762 B
348 711 394 758 A
399 705 531 775 dfirat
542 741 556 754 .

64 785 167 831 Haec
182 779 272 827 duo
287 777 416 839 Plinij
431 786 474 827 Sc
491 779 705 827 quenalis
722 779 815 824 loca
829 809 843 832 ,
859 795 1119 845 argumento
1135 782 1267 830 etiam
1281 781 1450 832 fortasse
1465 798 1558 830 non
1575 783 1661 830 leui
1677 783 1777 834 sunt
1796 814 1811 839 ,
1826 781 1925 830 ean-

67 852 262 900 demmet
276 849 488 916 aquilam,
503 850 719 914 gestamen
733 847 856 897 fuisse
871 852 959 898 eius
971 852 1159 900 muneris
1171 882 1184 907 ,
1197 855 1321 919 quod
1338 870 1411 920 per
1427 851 1565 918 ipsam
1582 854 1922 921 significabatur:

68 923 168 989 quia
181 919 209 967 si
223 921 323 969 vitis
337 936 418 984 pro
434 921 754 968 Centurionatu
770 917 955 968 sumitur
970 951 985 976 ,

74 1005 79 1008 ’
333 991 380 1038 V
374 1009 439 1037 are
453 988 705 1039 Parethonias
715 991 821 1040 latici
835 987 945 1039 modo
957 999 1046 1040 vite
1054 1009 1126 1058 per
1139 992 1254 1041 ‘urbes

411 1058 587 1115 Nobilis
598 1090 613 1114 ,
630 1069 689 1112 (9⁸
702 1078 859 1109 centum
873 1057 964 1108 dux
978 1062 1229 1110 memorande
1242 1070 1343 1111 viris
1357 1097 1370 1108 .

8 1135 38 1170 C
71 1127 283 1184 Martialis
309 1128 385 1181 lib.
406 1134 464 1177 X·
490 1147 556 1194 ep·
572 1134 762 1179 XXVII·
789 1139 832 1179 δέ
855 1134 1102 1196 Spartianu3
1123 1134 1168 1179 in
1185 1132 1314 1180 Hadr.
1343 1168 1356 1190 ‚
1386 1136 1493 1182 nulli
1513 1143 1641 1183 vitem
1663 1134 1742 1200 nisi
1749 1131 1926 1202 robusto,

69 1214 127 1257 (9⁴
142 1200 362 1267 bonaefamae
374 1197 517 1256 dedit,
544 1199 782 1265 itidemque
796 1203 842 1249 in
858 1201 998 1267 lapide
1017 1204 1133 1268 apud
1150 1205 1390 1252 Gruterum
1414 1204 1491 1252 fol.
1510 1208 1705 1254 DXXII.
1734 1207 1782 1255 6.
1812 1204 1925 1267 ETf

70 1274 213 1324 MIHI
228 1292 240 1304 ·
258 1271 462 1319 VITEM
489 1272 802 1320 DEDERIT:
820 1271 849 1319 sr
866 1289 1052 1339 purpura
1072 1304 1085 1328 ,
1102 1291 1181 1340 pro
1198 1273 1448 1340 magistratu
1463 1295 1477 1334 5
1491 1273 1607 1323 idem
1623 1274 1835 1324 Martialis
1851 1272 1923 1320 lib.

71 1347 187 1402 vul.
204 1358 271 1408 ep.
287 1343 411 1393 VIII.

75 1430 79 1438 ·
348 1417 538 1477 Purpura
553 1413 712 1480 tefilix
723 1447 738 1472 ,
753 1430 789 1461 te
808 1414 896 1460 coln
909 1422 1037 1460 omnis
1053 1412 1166 1462 honos
1180 1448 1194 1471 ‚
1501 1451 1507 1455 -

72 1492 115 1532 Sc
127 1483 298 1532 Plinius
311 1480 387 1533 lib.
402 1488 456 1530 X.
473 1499 563 1547 cap.
576 1487 699 1534 XXI.
719 1483 770 1530 de
786 1483 1025 1548 spectaculo
1040 1484 1253 1548 gallorum
1268 1487 1581 1549 pugnantium,
1597 1486 1774 1546 vtplanb
1793 1482 1921 1551 digna

17 1557 44 1590 D
73 1555 163 1603 aliti
175 1570 338 1601 tantum
360 1552 507 1601 honoris
518 1553 682 1617 praebear
702 1557 883 1604 Romana
888 1569 1091 1618 purpura:
1114 1555 1144 1601 fi
1161 1553 1378 1618 sceptrum
1394 1585 1408 1609 ,
1422 1573 1502 1621 pro
1517 1573 1654 1621 regno
1671 1586 1686 1612 ,

420 1620 444 1669 ἓι
465 1623 724 1692 natofteptris
735 1631 932 1673 excutiere
947 1631 1028 1670 tuis
1044 1655 1056 1667 .

72 1692 265 1745 Ouidius
279 1697 361 1745 IV.
375 1693 531 1740 Fastor-
732 1703 735 1707 '

79 1775 81 1777 “
553 1761 605 1825 fic
622 1781 686 1811 nos
701 1768 744 1809 in
752 1762 909 1828 sceptra
925 1769 1073 1829 reponis
1086 1799 1101 1814 0

72 1835 291 1903 Virgilius
315 1831 489 1884 AEneid.
511 1832 584 1879 lib.
599 1837 617 1880 Ι
635 1833 760 1881 :latus
773 1834 920 1880 clauus
935 1850 1014 1899 pro
1030 1834 1257 1882 Senatorio
1271 1833 1420 1882 ordine
1437 1853 1448 1883 z
1465 1832 1617 1882 anulus
1634 1850 1714 1899 pro
1729 1828 1929 1897 equestri,

75 1915 118 1956 ὃ(
132 1909 212 1953 alia
228 1904 423 1953 sexcenta
449 1903 699 1951 huiusmodi
715 1921 726 1949 :
744 1903 796 1950 eo
811 1902 932 1969 quod
948 1904 1026 1968 qui
1041 1903 1282 1970 regnabant
1306 1936 1321 1959 ,
1348 1904 1596 1971 magistratu
1610 1902 1928 1968 fungebantur,

17 1993 34 2024 ε
73 1974 328 2040 ordinesc'lue
341 1973 581 2028 ducebant,
602 1991 865 2040 purpuram,
889 1972 1132 2039 sceptrum,
1160 1979 1295 2024 vitem
1311 1975 1533 2040 gestabant
1561 1992 1572 2020 :
1600 1992 1674 2021 cur
1689 1973 1833 2038 aquila
1845 1987 1928 2037 pro

75 2050 289 2111 Primipili
304 2045 471 2093 honore
487 2044 673 2110 sumpta,
689 2043 742 2090 ab
761 2044 848 2091 alio
858 2075 872 2100 ,
887 2061 978 2090 non
991 2043 1044 2090 ab
1057 2045 1150 2109 ipso
1163 2046 1400 2110 Primipilo
1411 2045 1617 2112 gestatam
1630 2044 1749 2093 fuiffe
1762 2040 1922 2090 intelli-

73 2119 256 2182 gemus}
283 2133 376 2164 non
395 2117 513 2163 enim
542 2114 628 2162 sine
646 2113 853 2163 violentia
879 2114 1081 2182 Dionysij
1096 2113 1226 2164 verba
1252 2115 1325 2162 lib.
1346 2122 1403 2164 X.
1419 2133 1518 2179 quae
1536 2114 1631 2180 post
1644 2108 1928 2162 recensitum

73 2188 237 2237 saelum
255 2187 434 2234 Dentati
447 2183 708 2251 sequuntur,
724 2185 827 2233 alias
840 2185 1027 2249 intelligi
1042 2183 1157 2250 poss'e
1176 2184 1379 2233 videntur
1391 2219 1405 2243 ,
1420 2205 1480 2251 ego
1489 2192 1641 2248 pariter
1648 2200 1854 2250 pugnans,
1866 2190 1926 2233 (9⁴

16 2295 17 2298 η
76 2261 251 2324 aquilam
258 2257 423 2322 seruaui
435 2288 450 2312 ,
471 2266 531 2309 (9⁴
545 2256 778 2321 Praefecffurn
793 2262 953 2321 eripui,
969 2262 1041 2322 qni
1046 2263 1228 2318 gratiam
1246 2255 1342 2304 mihi
1366 2256 1512 2320 auxilij
1527 2262 1609 2301 eius
1625 2253 1793 2318 referens
1806 2282 1820 2306 ,
1846 2252 1927 2299 du-

78 2345 216 2376 catum
231 2330 386 2392 legionis
402 2327 499 2397 ceffit
515 2358 529 2382 ,
544 2336 603 2380 <9⁴
617 2328 798 2394 aquilam
811 2324 922 2374 dedit
940 2357 950 2368 ·
977 2326 1110 2373 Plane
1125 2344 1209 2392 ego
1226 2324 1406 2391 quidem
1419 2323 1663 2372 abhorreoa
1679 2319 1918 2389 peruicacia

26 2410 41 2441 t
79 2398 268 2463 plurium
292 2397 553 2445 Criticorum
570 2428 583 2452 ,
599 2400 666 2445 vel
687 2396 834 2463 potius
851 2394 989 2450 rabie,
1017 2413 1112 2461 quae
1128 2414 1201 2444 eos
1215 2398 1447 2462 exagitauit
1463 2427 1478 2453 ,
1508 2394 1704 2459 vulgatas
1721 2394 1927 2440 leetiones

80 2463 300 2513 alterando
312 2497 326 2518 ,
350 2474 392 2513 ὅ(
410 2468 596 2514 monstra
610 2465 813 2515 sensuum
829 2464 1079 2513 inducendo
1093 2498 1107 2522 ,
1120 2481 1248 2532 atque
1265 2483 1312 2515 vt
1328 2466 1509 2532 quisque
1525 2463 1646 2512 suam
1661 2466 1924 2511 lectionem„

80 2536 298 2585 mordicus
315 2550 481 2583 tueatur
496 2568 510 2591 ,
537 2535 620 2583 sese
636 2539 824 2584 inuicem
853 2535 999 2601 iurgijs
1019 2553 1066 2583 ac
1096 2537 1298 2603 probris&
1314 2539 1443 2585 triuio
1457 2537 1601 2602 petitis
1616 2533 1893 2580 lacerantium
1912 2547 1925 2577 ε

81 2621 270 2654 attamen
290 2607 378 2653 iure
393 2624 494 2654 meo
513 2608 576 2655 vti
593 2625 684 2655 non
699 2605 891 2654 abstineo
904 2637 919 2664 ,
931 2605 1038 2654 dum
1054 2606 1107 2654 ab
1123 2607 1215 2671 alijs
1230 2610 1378 2673 agnita
1405 2606 1457 2653 ad
1473 2624 1620 2655 meum
1635 2616 1926 2669 prouentum..

81 2676 257 2725 traduco
272 2709 283 2721 .

145 2750 246 2795 Hoc
259 2746 419 2812 praefari
439 2746 814 2813 volui,antequam
826 2748 985 2813 duplici
1001 2749 1186 2797 Iefflone
1202 2767 1346 2798 meam
1361 2748 1614 2796 sententiam
1629 2741 1929 2792 authoritatffl

27 2823 52 2863 'a
83 2817 209 2878 Plinij
225 2834 378 2870 tuerer,
396 2835 494 2882 quae
511 2834 637 2872 verae,
653 2820 764 2866 anne
780 2818 874 2874 sint,
890 2818 991 2867 fides
1008 2819 1093 2866 esto
1105 2837 1236 2884 penes
1252 2818 1637 2881 Dalechampium,
1652 2816 1728 2880 qui
1742 2815 1931 2879 primam

86 2887 294 2935 Turnebo
308 2920 319 2941 ,
333 2888 507 2935 alteram
526 2890 658 2935 veteri
678 2888 835 2935 Codici
852 2888 1049 2937 adscribit
1064 2921 1078 2944 ,
1095 2891 1142 2935 in
1158 2892 1354 2954 margine
1370 2890 1457 2935 mei
1474 2887 1570 2933 libri
1588 2886 1789 2934 Coloniae
1807 2884 1931 2930 Allo-

0 2960 15 2989 ἢ
31 2976 35 2982 ·
87 2956 267 3024 brogum
280 2958 332 3005 de
351 2976 467 3006 anno
482 2959 943 3024 MDCXV-impressi.
962 2962 1134 3024 Legunt
1149 2961 1279 3023 igitur
1292 2958 1607 3023 praeallegatum
1623 2957 1752 3017 Plinij
1767 2955 1930 3004 locum,

86 3034 373 3077 centurionum
391 3037 433 3077 in
450 3048 573 3076 manu
591 3036 694 3077 vitis
709 3059 724 3084 ,
757 3046 816 3081 (9·
831 3037 1112 3094 opimopraemio
1127 3028 1258 3076 tardos
1274 3027 1431 3077 ordines
1461 3027 1512 3074 ad
1527 3029 1686 3076 leuatus
1700 3060 1713 3084 ,
1748 3031 1767 3086 (
1784 3025 1868 3072 siue
1882 3034 1929 3068 Vt

0 3100 15 3129 ¹¹*
87 3098 213 3158 alter)
232 3098 284 3146 ad
301 3101 420 3148 elatas
430 3098 620 3165 perducit
637 3101 801 3166 aquilas
816 3119 828 3156 3
859 3097 980 3164 quod
996 3097 1112 3144 idem
1128 3098 1185 3145 est
1200 3099 1247 3145 ac
1264 3099 1482 3147 ostendere
1500 3098 1665 3162 aquilas
1681 3097 1733 3143 ab
1746 3096 1793 3154 ijs
1808 3125 1821 3148 ,
1838 3106 1930 3137 non

35 3182 39 3191 ·
83 3164 182 3214 vero
201 3168 253 3214 ab
267 3170 357 3231 alijs
373 3171 589 3219 inferioris
605 3170 828 3236 dign-itatis
844 3168 1068 3234 Signiferis
1085 3168 1217 3235 effirri
1232 3200 1245 3225 ,
1263 3168 1333 3218 seu
1349 3172 1479 3218 leuari
1493 3167 1659 3216 solitas:
1690 3162 1930 3226 eodemque

1741 3235 1862 3281 colli-
