2221 3512
93 188 310 240 exprimens
326 213 335 229 ,
352 187 462 241 quod
478 185 687 228 candidum
703 183 777 225 fuit
792 212 802 228 ,
822 188 859 227 δε
875 187 992 227 index
1008 188 1102 228 belli
1114 215 1126 233 ,
1147 188 1242 232 ficut
1257 201 1350 246 toga
1366 194 1472 247 pacis
1492 193 1608 238 ‚ficut
1622 207 1668 237 ex
1688 196 1723 238 8.
1737 199 1942 241 Ciceronis

91 243 312 297 Philippica
330 243 531 297 colligitur
549 260 556 282 :
574 243 686 298 quod
706 241 867 296 Hispani
883 246 921 284 &
936 246 1024 287 Itali
1036 244 1155 288 salum
1169 262 1336 294 vocant,
1353 253 1521 292 manicas
1537 253 1592 292 illi
1610 253 1912 307 superaddentes
1930 283 1942 302 ,

91 300 234 354 quibus
250 303 411 356 antiqua
425 300 512 354 saga
526 302 705 341 militaria
719 300 1026 343 destituebantur
1044 319 1052 341 :
1079 304 1286 347 vtebantur
1302 320 1432 352 autem
1450 323 1587 351 omnes
1602 313 1744 353 milites
1759 310 1856 366 sagis
1873 315 1942 353 in)

91 358 198 399 bello
214 384 225 402 ,
253 360 426 412 exceptis
443 359 533 399 viris
549 356 814 398 consularibus
832 387 840 394 .
870 359 983 400 Licet
1006 360 1203 416 aliquibus
1218 363 1260 403 id
1276 377 1400 418 genus
1430 368 1542 411 vestis
1568 370 1790 411 coriaceum
1806 370 1937 412 videa-

88 428 174 460 tur,
189 417 302 471 quod
322 415 482 469 Hispani
499 417 634 456 Cucro
650 414 767 459 ,Itali
786 415 952 457 Coletto
970 431 1070 458 nnnc
1088 432 1254 464 vocant.

39 489 90 525 29
123 474 351 526 Campestre
362 499 375 517 ,
387 473 657 513 vestimentum
671 472 838 512 militare
853 473 902 514 ab
914 474 1101 516 vmbilico
1117 476 1167 517 ad
1181 490 1331 530 genua,
1349 482 1387 520 δε
1402 479 1535 534 parlim
1552 483 1650 525 infra
1671 483 1907 526 descendens
1922 512 1935 530 ,

90 532 201 586 quod
214 530 399 585 pudenda
415 534 454 571 δε
476 529 645 571 foemora
661 529 820 583 tegebat
832 555 843 574 2
857 529 1026 586 subligar
1041 533 1133 574 alias
1147 534 1292 575 dictum
1308 535 1350 575 :a
1362 536 1511 583 braccis
1524 553 1573 580 co
1589 540 1771 583 differens
1787 569 1798 588 ,
1823 543 1933 597 qmbd

90 590 249 630 breuius
262 593 299 629 δι
314 589 490 633 strictius,
508 587 653 629 braccae
670 600 799 633 autern
815 586 1032 631 diffufiores
1048 592 1265 632 &laxiores
1288 606 1396 633 erant
1412 623 1421 632 .
1449 597 1591 639 Italum
1604 600 1743 641 vulcus
1760 601 1931 642 brasshe)

30 663 31 666 ,
89 660 208 687 vocat
224 672 236 691 ,
266 646 362 687 ficut
374 645 534 699 Hispani
550 645 816 699 zaraguelless
842 659 932 686 nam
947 659 1015 687 cos
1029 649 1099 702 qui
1113 650 1154 688 in
1173 647 1239 691 vsu
1255 651 1381 691 nautis
1395 649 1483 694 sunt
1498 633 1708 708 ampliorsss
1725 684 1738 703 ,
1753 632 1933 713 progrisls

28 708 31 715 ⁴
91 704 276 744 calzones
297 703 497 758 appellant
512 732 523 743 .

34 776 82 814 30
106 762 278 815 ,Caligae,
293 773 564 815 tegumentum
580 761 760 802 tibiarum
777 761 942 802 militare
957 787 969 807 ,
994 763 1043 807 ad
1058 763 1206 811 medias
1228 763 1417 812 duntaxat
1442 767 1555 813 tibias
1569 772 1794 825 pertingens
1806 798 1818 818 ,
1833 789 1933 816 nunc

28 826 29 829 ’
84 820 214 862 latinis
235 818 385 860 tibialia
398 818 566 862 diciums
583 819 689 859 ltalis
705 821 744 858 &
759 816 953 872 Hispanis,
970 820 1091 865 calze,
1108 821 1216 861 dietae
1230 850 1241 861 .

28 882 53 907 *ἢ
111 879 159 915 Le
171 875 310 930 caltghe
327 889 436 917 erano
439 876 587 929 scaspe,
603 874 784 929 osandali
798 875 954 916 mimam·
971 890 1042 916 non
1056 877 1160 918 calze
1174 878 1466 934 haueuanosbtto
1480 882 1519 925 la
1527 883 1657 936 pianta
1666 884 1707 925 la
1715 887 1802 938 sola
1815 887 1861 928 e’l
1869 903 1929 929 re·-

70 930 131 984 sto
145 933 463 989 delpiedeignudo
487 934 515 973 li
539 933 690 987 Patritff
715 933 764 978 ἐφ’
778 932 805 972 li
813 933 878 986 pit>
901 934 1010 989 degni
1009 934 1057 986 st
1070 936 1323 978 allacciauano
1331 939 1398 992 pit>
1414 940 1717 995 elegantemente,
1742 946 1791 988 (φ
1804 945 1885 998 stno
1905 946 1931 985 a*

82 1005 218 1033 mezza
231 992 372 1046 gamba
390 1021 401 1031 .

39 1063 88 1105 31
123 1049 157 1092 C
164 1050 261 1090 alcei
276 1051 463 1091 militares
478 1075 490 1094 ,
507 1049 577 1104 qui
593 1047 780 1089 teretibus
797 1047 958 1090 habenis
971 1049 1122 1096 astricti,
1134 1052 1173 1093 in
1187 1053 1350 1094 cancelli
1361 1053 1528 1097 formam
1543 1057 1710 1111 pedibus
1725 1060 1931 1105 neifteban-

87 1120 148 1152 tur
158 1132 171 1151 ,
187 1106 285 1148 solas
297 1108 447 1162 plantas
465 1108 700 1151 munientes,
715 1104 842 1150 soieae,
853 1107 915 1148 vel
929 1108 1137 1162 crepidulae
1153 1109 1247 1150 alias
1262 1115 1474 1166 nuncupati
1489 1143 1499 1153 .

26 1178 54 1219 :3
65 1179 82 1204 2
117 1165 372 1223 Semispatha,
390 1178 511 1220 genus
523 1164 658 1218 gladii,
670 1176 752 1219 quo
766 1164 908 1205 milites
923 1166 1101 1207 nonnulli
1117 1192 1128 1210 ,
1146 1165 1278 1221 spatha
1295 1167 1451 1210 breuius
1467 1197 1479 1215 ,
1496 1172 1702 1215 vtebantur
1716 1203 1726 1213 .
1755 1176 1931 1230 Spatha„

80 1223 185 1264 enim
215 1223 374 1276 longior
398 1234 479 1262 erat
494 1247 506 1267 ,
535 1225 575 1265 &
600 1222 738 1262 eadem
754 1235 842 1261 cum
859 1221 993 1276 gladio
1008 1247 1020 1266 ,
1033 1236 1150 1277 quam
1166 1225 1295 1266 Diuus
1317 1224 1553 1280 Augustinus
1568 1229 1754 1272 frameam
1770 1237 1807 1274 δε
1823 1248 1930 1274 rom-

80 1280 232 1335 phaeam
247 1281 324 1322 dici
341 1278 468 1322 asserit
484 1309 493 1317 .
525 1278 686 1334 Hispani
713 1281 752 1320 Sc
779 1278 865 1325 Itali
880 1278 1036 1333 spadam
1050 1294 1218 1327 vocant.
1255 1284 1308 1322 Hi
1323 1296 1452 1324 autem
1471 1298 1547 1326 tres
1564 1288 1705 1328 milites
1724 1303 1793 1342 per
1807 1292 1928 1333 inter-

81 1338 182 1381 ualla
197 1337 263 1378 dis
254 1338 368 1392 politi
383 1336 756 1392 excubantesque,in
771 1337 937 1389 angariis
949 1337 1146 1392 pei-fistere
1159 1339 1364 1380 dicuntur.
1396 1343 1504 1386 Nam
1520 1357 1589 1396 per
1604 1344 1786 1398 diemalij
1800 1347 1926 1392 mane,

83 1395 146 1447 alij
161 1396 247 1450 post
265 1396 467 1436 meridiem
486 1420 498 1439 ,
514 1407 675 1449 propter
685 1392 972 1447 fatigationem,
984 1408 1102 1450 quam
1112 1399 1226 1451 pauci
1243 1410 1471 1451 perpetuam
1484 1400 1623 1443 durare
1635 1416 1716 1443 non
1730 1415 1926 1456 poterant,

79 1455 254 1506 angarias
271 1453 442 1494 faciunt:
455 1453 641 1505 idemque
654 1450 808 1505 prorsus
823 1453 1063 1504 pernoctem
1081 1482 1091 1492 .
1856 1467 1858 1469 ¹
1901 1499 1903 1502 ¹

31 1524 74 1564 33
110 1511 289 1566 Clypeus
320 1512 494 1552 veterani
522 1510 657 1555 militis
681 1521 801 1549 aereus
817 1534 829 1552 ,
850 1522 970 1563 quem
993 1511 1171 1556 catenula
1185 1511 1481 1560 circumambit,
1508 1517 1670 1558 floribus
1686 1521 1724 1561 ὃς
1740 1518 1928 1560 orbiculis

78 1566 311 1623 quibusdam
329 1568 541 1613 distinctus,
557 1567 619 1609 vel
635 1566 855 1606 ornamenti
869 1568 992 1620 gratia
1003 1568 1057 1608 ita
1066 1567 1188 1611 factus
1204 1595 1216 1614 ,
1233 1569 1295 1609 vel
1311 1570 1365 1610 ob
1378 1575 1581 1627 egregium
1597 1575 1762 1629 aliquod
1776 1575 1929 1622 facinus

78 1623 325 1670 commissum
342 1623 543 1666 concess'us
559 1653 569 1664 .
600 1624 684 1665 Aut
698 1622 816 1667 certe,
832 1636 873 1664 vt
883 1626 1073 1679 Vegetius
1085 1625 1181 1666 dicit
1195 1626 1306 1666 lib.2.
1320 1640 1405 1681 cap.
1422 1643 1436 1669 1
1447 1632 1485 1670 8.
1508 1632 1572 1670 Ne
1597 1631 1729 1671 milites
1748 1634 1925 1685 aliquan-

23 1679 26 1705 ἶ
78 1683 174 1723 dom
190 1684 349 1723 tumultu
359 1682 478 1737 praely'
492 1682 516 1722 d
551 1683 605 1721 uis
626 1680 936 1728 contubernalibus
956 1682 1173 1725 aberrarent
1187 1709 1199 1728 ,
1222 1683 1372 1734 diuetfis
1385 1686 1580 1728 cohortibus
1600 1688 1748 1741 diuersa
1764 1690 1802 1728 in
1803 1689 1925 1743 scutis

63 1740 173 1795 figna
182 1740 384 1796 pingebant
397 1766 409 1786 ,
437 1753 515 1794 quae
525 1739 593 1793 tpst
600 1739 775 1793 digmata*
785 1739 1024 1780 nominabant
1040 1740 1150 1792 :sicut
1163 1742 1212 1785 (ἂν
1226 1741 1264 1780 in
1280 1743 1432 1795 aduerfi
1434 1745 1542 1796 scuto
1556 1746 1836 1802 ‘uniuscuiusque
1853 1746 1925 1787 mi„

73 1798 149 1838 litis
162 1825 173 1844 ,
189 1798 307 1839 literis
323 1807 405 1839 erat
414 1811 542 1838 nomen
556 1797 753 1850 afiriptum
768 1821 781 1842 ,
796 1797 925 1837 addito
943 1811 993 1838 ex
1008 1813 1084 1852 qua
1099 1796 1181 1855 effet
1191 1799 1343 1844 cohorte,
1361 1810 1658 1855 quaue'centurta
1674 1833 1685 1845 .
1800 1833 1804 1835 -

30 1864 43 1886 t
105 1858 195 1895 Non
208 1857 353 1911 visono
369 1855 543 1896 cate-nelle
558 1882 571 1902 ,
585 1853 648 1895 md
663 1869 721 1895 vn
724 1855 830 1907 serto
841 1882 853 1893 .
886 1880 888 1882 v
1345 1897 1348 1899 ,
1400 1899 1403 1901 .
1453 1897 1458 1900 ,
1474 1877 1478 1882 -
1861 1886 1863 1889 -

30 1929 74 1966 34
105 1915 258 1969 Scapha
275 1942 287 1960 ,
303 1915 368 1959 scu
383 1914 581 1956 fluuiatilis
593 1914 715 1958 nauis,
732 1912 754 1953 e
764 1912 999 1967 procestrijs,
1015 1913 1077 1957 vel
1091 1914 1255 1963 castellis
1266 1917 1412 1971 potius,
1426 1919 1560 1960 vinum
1570 1922 1610 1961 δι
1625 1931 1780 1962 acetum
1790 1920 1922 1976 aspor-

76 1984 161 2013 tans
177 1999 188 2018 ,
203 1975 244 2013 in
256 1973 424 2015 militum
442 1972 547 2015 vium
562 1999 573 2017 ,
589 1973 659 2027 qui
675 1972 748 2012 iter
768 1982 944 2024 agentes,
957 1973 1060 2027 ripas
1074 1974 1244 2015 fluminis
1257 1975 1444 2021 tenebant
1455 2001 1468 2021 ,
1482 1990 1584 2032 quos
1600 1978 1783 2018 alimenta
1795 1982 1923 2020 &1:ae-

23 2034 25 2038 ”
72 2042 158 2071 tera
172 2029 381 2076 necefl'aria
397 2042 467 2085 per
478 2031 602 2072 amnis
617 2029 774 2071 alueum
786 2027 952 2074 nauibus
963 2027 1229 2085 sequebantur
1241 2061 1252 2079 ,
1281 2032 1475 2088 Scapham
1496 2035 1596 2076 hanc
1617 2037 1804 2078 vinariam
1818 2036 1922 2077 reete
1948 2077 1952 2082 ,

68 2089 122 2128 ab
137 2102 256 2130 onere
270 2089 402 2130 dicere
416 2086 615 2142 possumus
629 2116 639 2130 .
1022 2089 1027 2092 ’
1045 2118 1051 2130 i
1069 2126 1072 2130 ,
1121 2110 1129 2118 ⁷

30 2158 70 2198 35
95 2146 258 2200 ‘Cuppae
271 2173 285 2193 ,
301 2146 442 2188 fimiles
457 2145 611 2200 prorsus
626 2144 794 2199 ijs,quae
810 2158 914 2190 nunc
925 2143 1092 2191 vbilibet
1113 2146 1154 2190 in
1170 2144 1236 2190 vsu
1251 2144 1360 2192 sunt,
1376 2150 1509 2190 vinum
1526 2153 1564 2190 δε
1579 2151 1719 2203 partim
1736 2160 1922 2191 acetum)

22 2223 23 2227 =
76 2206 322 2245 continentes
334 2229 345 2248 2
368 2217 466 2260 quas
479 2205 622 2246 milites
635 2215 681 2243 ex
698 2202 864 2248 castellis,
874 2205 1062 2249 extractas
1077 2226 1090 2248 2
1105 2201 1128 2246 ὲ
1140 2204 1222 2260 ripa
1235 2205 1277 2249 in
1289 2205 1474 2248 vinariam
1490 2220 1631 2248 nauem
1644 2199 1918 2248 transferentes

71 2262 273 2304 collocant
289 2292 299 2302 .
717 2281 719 2283 ¹
882 2288 883 2292 =
1006 2283 1021 2290 '-
1045 2282 1056 2289 ³
1180 2261 1183 2263 ’
1202 2305 1207 2307 .

29 2323 74 2370 36
106 2319 258 2374 Scapha
272 2346 284 2364 ,
301 2320 365 2360 seu
376 2318 574 2361 fluuiatilis
589 2319 697 2360 nauis
710 2316 908 2358 frumento
925 2318 1058 2362 onusta
1072 2343 1083 2362 ,
1098 2318 1208 2373 quod
1221 2319 1321 2360 intra
1339 2319 1470 2361 saccos
1484 2347 1496 2365 ,
1511 2319 1694 2362 funiculis
1706 2319 1771 2362 seu
1787 2321 1917 2362 cordis

72 2377 305 2432 adalligatos
318 2403 329 2421 ,
345 2376 366 2416 ὲ
381 2377 544 2417 castellis
561 2378 599 2416 in
616 2376 732 2416 castra
746 2374 1164 2427 pet·ducitt1r,an110na
1176 2378 1364 2432 exercitui
1376 2376 1551 2419 futurum
1568 2406 1578 2416 .

29 2447 69 2485 37
101 2435 252 2475 Clauus
266 2434 526 2488 gubernandae
540 2435 628 2474 naui
655 2433 820 2472 idoneus
832 2457 844 2476 ,
865 2432 998 2473 fimilis
1010 2434 1058 2484 ijs
1075 2458 1088 2478 ,
1102 2434 1248 2489 quibus
1262 2448 1365 2475 nunc
1380 2437 1419 2476 in
1435 2435 1510 2485 suis
1527 2435 1717 2482 nauiculis
1731 2436 1915 2490 regendis

75 2493 246 2533 naucleri
260 2505 419 2532 vtuntur
430 2519 440 2530 .
713 2523 718 2530 .
819 2544 822 2546 Β
1050 2497 1068 2530 z'-
1109 2492 1135 2532 ’ἶ
1183 2529 1185 2531 .
1254 2512 1269 2516 -·

29 2552 71 2598 38
103 2550 256 2603 Scapha
270 2549 371 2593 alia,
390 2548 455 2589 seu
480 2549 590 2589 nauis
604 2548 750 2589 vinaria
770 2547 1103 2606 fluui-atilis-altem
1115 2575 1128 2594 ³
1152 2550 1244 2593 vino
1259 2549 1394 2595 onusta
1411 2574 1425 2594 a
1452 2562 1500 2591 ex
1515 2550 1678 2592 castellis
1702 2552 1742 2591 in
1761 2550 1878 2591 castra
1893 2549 1916 2594 εὶ

70 2608 199 2647 nautis
215 2607 404 2648 militibus
421 2606 697 2660 puducenda'.
912 2631 913 2635 =
1057 2628 1060 2630 v
1830 2625 1833 2629 ·

29 2668 42 2691 θ
99 2665 143 2702 N
145 2664 242 2714 otast
247 2665 281 2704 tlt
280 2664 439 2716 sudario
449 2662 491 2708 ,o
504 2660 848 2717 touagliolointonno
862 2662 889 2706 il
898 2662 988 2703 collo
999 2662 1214 2713 de'Soldati,
1227 2663 1267 2705 di
1280 2662 1455 2718 cuiparla
1470 2664 1632 2711 Suetonio
1643 2664 1682 2706 in
1699 2666 1848 2705 Nerone
1863 2690 1876 2709 ,
1894 2677 1913 2706 e

71 2722 233 2761 Petronio
248 2721 393 2761 Arbitro
403 2721 608 2762 Sudarium
626 2735 767 2774 mappa
781 2751 790 2758 .

29 2791 71 2827 39
103 2780 312 2821 Danubius
323 2805 337 2825 ,
350 2780 558 2823 fluuiorum
572 2779 748 2820 omnium
760 2780 924 2834 Europae
939 2779 1145 2822 maximus,
1161 2783 1227 2818 60.
1240 2780 1418 2822 amnibus
1431 2780 1648 2822 minoribus
1663 2783 1795 2821 auctus
1809 2806 1822 2825 ,
1833 2793 1917 2822 me·-
1953 2801 1955 2803 ·

69 2838 140 2878 dio
155 2837 277 2879 ferme
299 2850 437 2878 corum
456 2850 620 2880 numero
640 2836 852 2892 nauigabili
866 2860 879 2882 a
906 2849 986 2878 non
1001 2834 1107 2876 secus
1122 2834 1167 2878 ac
1186 2836 1305 2880 Nilus
1316 2837 1540 2894 Aegyptius
1551 2839 1714 2883 fluuius,
1740 2836 1915 2892 septem.)

71 2895 176 2946 ostijs
188 2897 227 2936 in
242 2897 437 2936 Euxinum
452 2897 621 2939 Pontum
636 2891 837 2936 descendit
847 2894 982 2939 ,mille
997 2893 1175 2937 ducentis
1191 2894 1421 2939 milliaribus
1435 2896 1484 2938 ab
1502 2898 1586 2938 eius
1600 2894 1712 2936 fonte
1728 2894 1912 2936 decurfis.

68 2953 219 2995 Plinius
233 2951 364 2998 censet
373 2953 466 2993 oriri
478 2965 570 2994 eum
583 2953 626 2993 in
640 2953 742 3006 iugis
758 2950 929 2994 Arnobae
946 2952 1092 2996 montis
1106 2952 1324 2993 Germanice
1337 2977 1350 2997 2
1366 2966 1414 2995 ex
1426 2953 1590 2995 aduerso
1603 2953 1760 2999 Raurici
1776 2953 1913 2994 Galliae

70 3011 213 3065 oppidi
227 3036 240 3057 ,
253 3011 377 3063 lib44.
390 3024 475 3066 cap.
496 3023 512 3050 1
523 3014 570 3051 2.''
582 3007 675 3055 cum·
686 3020 814 3052 tamen
826 3023 905 3051 non
921 3008 943 3050 ὲ
954 3021 1091 3051 monte
1100 3009 1310 3055 Abnobae,
1323 3012 1378 3052 ita
1392 3012 1548 3055 enimin
1562 3012 1689 3053 Plinio
1700 3009 1914 3065 legendum

21 3068 23 3075 '
69 3068 139 3112 est,
150 3066 250 3109 sede.
258 3069 435 3114 fontibus
451 3067 684 3123 quibusdam
697 3066 977 3108 ebullientibus
992 3079 1117 3120 prope
1132 3066 1265 3110 villam
1276 3067 1506 3113 noriffimam
1520 3096 1533 3115 ,
1546 3083 1631 3125 quae
1646 3069 1771 3124 patria
1780 3068 1914 3119 lingua

67 3123 635 3183 Doneschingen-appellaturss,
649 3136 827 3179 erumpat
838 3150 851 3170 ,
866 3151 868 3153 >
881 3124 981 3167 adeo
1001 3123 1050 3164 ab
1065 3124 1182 3165 initio
1195 3126 1361 3179 exiguus
1374 3152 1387 3172 ,
1407 3139 1450 3168 vt
1459 3128 1525 3168 vix
1536 3126 1581 3170 {it
1595 3125 1791 3170 anseribus
1805 3122 1917 3162 naui-

66 3182 210 3236 gabilis
229 3213 241 3220 .
273 3186 349 3226 Per
370 3185 599 3229 innumeras
612 3182 759 3225 labitur
779 3195 918 3238 gentes
931 3208 944 3227 ,
962 3173 1136 3232 Danubii
1151 3184 1335 3231 nomine,
1350 3184 1540 3226 immenso
1554 3196 1719 3238 aqurum
1731 3182 1843 3222 austu
1856 3204 1868 3223 ,
1880 3180 1920 3219 &

72 3240 235 3284 demum
246 3254 318 3296 per
330 3241 543 3301 Thraciam
560 3239 720 3302 reetain
731 3242 903 3300 Pontum
918 3240 1115 3285 Euxinum
1128 3237 1276 3300 fertur-3
1296 3244 1414 3301 Hunc
1430 3242 1531 3287 reete
1546 3240 1736 3295 Virgilius
1754 3238 1925 3301 37<3eor==

1756 3307 1867 3350 gico-
