2221 3512
339 169 456 236 DE
501 165 710 230 COL·
736 161 1150 232 TRAIANI
1197 162 1398 227 CAP·
1428 164 1538 228 IV·
1718 189 1743 228 1
1763 193 1786 230 1
1806 196 1829 232 1

18 306 44 336 Α
86 276 258 346 quens}
285 287 329 329 δε
358 272 608 328 numerosus
626 277 851 322 Dacorum
878 275 1094 340 equitatus
1109 286 1285 339 apparet
1302 305 1316 330 ,
1343 273 1447 321 asini
1463 291 1517 321 ne
1536 270 1735 320 Vmbram
1752 274 1933 340 quidem

84 349 201 398 cons
222 352 354 398 exeris
367 382 379 395 .

155 369 254 468 Npec
269 418 456 479 dubito(
467 413 676 464 Turnebo
687 415 891 478 quamuis
904 413 1141 478 refragante
1157 413 1317 460 Aduer.
1332 413 1576 462 lib-XXIV.
1594 416 1928 480 cap.XXV111.)

86 494 193 555 quin
209 503 461 536 armaturam
478 486 589 532 hanc
605 486 885 532 Sarmaticam
901 487 946 531 in
961 485 1196 533 Sarmatica
1210 483 1483 549 expeditione
1499 517 1512 541 ,
1528 484 1580 531 de
1594 481 1679 547 qua
1696 486 1927 532 Suetonius

86 578 176 628 cap,
198 563 269 610 VI.
286 589 301 616 ,
317 557 604 611 Domitianus
620 555 780 601 imitari
798 554 996 609 voluerit,
1013 555 1131 600 iuxta
1147 554 1430 618 Epigramma
1444 555 1655 604 Martialis
1668 556 1722 604 II.
1734 552 1809 600 lib.
1828 558 1909 604 VII
1920 587 1933 597 .

352 633 477 680 Inuia
508 630 744 673 Sarmaticis
776 628 940 671 Domini
968 625 1089 672 lorica
1115 623 1278 688 sagtttis
1293 654 1306 677 ‚

16 720 38 749 Β
493 700 553 743 Et
585 698 747 742 Martis
778 697 923 742 Getico
946 710 1084 760 tergore
1101 693 1195 761 fida
1221 689 1374 758 magis;

348 771 482 834 Qum
494 796 508 821 ,
536 765 609 813 vel
632 761 685 811 ad
713 766 758 811 A
762 765 862 810 etolae
874 764 1064 830 ficut-am
1091 761 1264 829 cuspidis
1290 762 1394 811 iiius
1406 796 1421 820 ,

486 841 642 882 Texuit
672 840 876 881 innumeri
903 832 1080 881 lubricus
1111 840 1259 899 vnguis
1286 834 1394 897 Apri
1413 852 1426 882 2

356 905 482 953 Felix
500 905 604 970 fiarte
630 906 728 958 tuli3
746 903 911 968 fhcrum
933 911 999 951 cui
1026 920 1180 967 tangere
1201 901 1341 969 persius

482 978 566 1022 Fas
589 981 663 1021 erit
675 1005 687 1022 ‚
716 982 776 1025 (θ’
811 976 930 1044 nostri
962 991 1089 1020 mente
1114 974 1236 1020 calere
1269 977 1346 1018 Dei
1360 1009 1374 1022 .

350 1052 376 1092 Ι
397 1062 515 1092 comes
531 1074 544 1097 ‚
576 1054 635 1096 (9⁴
659 1061 815 1108 magnos
846 1042 967 1106 illaesa
999 1061 1140 1090 merere
1171 1040 1387 1106 triumphos
1404 1065 1424 1092 ;

5 1129 36 1160 c
484 1113 754 1182 Palmataeque
777 1110 917 1160 ducem
935 1143 949 1167 ,
970 1110 1046 1179 fid
1072 1108 1151 1160 cito
1174 1143 1188 1167 ‚
1219 1110 1341 1159 redde
1365 1129 1474 1176 togae.

139 1186 236 1230 Hoc
250 1183 381 1230 etiam
395 1180 610 1231 diuersum
628 1185 673 1229 in
689 1181 965 1249 cataphratstis
981 1181 1066 1230 istis
1083 1181 1305 1248 Europaeis
1320 1181 1373 1228 ab
1389 1181 1440 1227 ali
1444 1180 1479 1241 js
1505 1179 1701 1229 Asiaticis
1716 1180 1919 1229 obseruai

73 1254 241 1303 bimus:
269 1251 449 1307 nostros,
469 1266 517 1299 vt
540 1252 739 1300 videmus
756 1287 770 1311 ,
785 1252 978 1318 vndique
1005 1266 1190 1300 armatos
1204 1271 1217 1309 3
1233 1251 1330 1299 illos
1346 1281 1360 1305 ,
1381 1249 1508 1298 tibias
1527 1269 1573 1297 ac
1588 1250 1754 1299 femora
1768 1251 1920 1301 nuda..

71 1320 257 1371 habuiffe
271 1353 285 1377 ‚
314 1336 362 1369 vt
383 1340 435 1368 ex
451 1322 609 1371 eodem
637 1323 865 1371 Plutarcho
888 1325 934 1370 in
964 1323 1132 1371 Lucull.
1159 1321 1380 1386 colligitur
1392 1351 1406 1375 ,
1435 1320 1565 1384 simul
1593 1329 1635 1368 in
1653 1319 1921 1387 cataphraiios

70 1392 214 1446 duxit,
231 1391 413 1440 mandato
430 1393 519 1459 suis
536 1413 583 1440 ne
592 1395 690 1460 pilis
709 1412 921 1443 ‘uterentur
936 1424 949 1447 ,
960 1391 1180 1459 sedstatim
1201 1389 1351 1458 gladiis
1355 1392 1516 1456 femora
1533 1404 1591 1442 <9⁴
1607 1389 1726 1438 tibias
1745 1390 1917 1460 hostium

4 1481 7 1508 ι
76 1461 183 1526 (haec
195 1470 300 1510 enim
306 1463 392 1527 fila
420 1469 539 1510 armis
567 1462 678 1511 nuda
688 1464 794 1528 sunt
813 1462 1057 1522 cataphraeto
1079 1469 1093 1519 )
1117 1462 1323 1528 ferirent·
1357 1459 1577 1508 Caeterum
1602 1460 1722 1508 scuto
1750 1461 1918 1509 nostros

10 1545 33 1579 n
76 1533 203 1582 hosce
215 1564 228 1587 ,
245 1549 294 1581 vt
309 1550 359 1578 ex
376 1532 531 1581 Tacito
548 1533 618 1580 lib.
639 1537 671 1581 I.
689 1534 844 1582 Histor.
862 1533 960 1581 suos
979 1536 1190 1580 Sarmatas
1203 1562 1216 1587 ‚
1236 1529 1407 1579 caruiffe
1420 1529 1617 1579 videmus
1632 1562 1646 1586 ,
1664 1535 1744 1596 qui
1761 1539 1804 1579 &
1820 1530 1923 1577 illo·'

66 1622 165 1653 rum
180 1618 355 1668 tegmen
370 1601 512 1650 ferreis
529 1604 702 1652 laminis
717 1635 730 1659 ‚
747 1620 819 1651 aut
832 1603 1030 1669 praeduro
1048 1604 1167 1649 corio
1185 1606 1204 1663 (
1221 1621 1337 1648 cornu
1353 1600 1519 1666 Lipsius
1536 1602 1642 1665 legit
1653 1631 1668 1656 ‚
1683 1603 1749 1649 cui
1764 1619 1815 1647 ex
1830 1601 1920 1647 iam

65 1674 190 1722 dietis
204 1673 433 1733 alsentior)
451 1673 699 1722 consertum
723 1673 851 1720 tradit
863 1707 874 1718 .
901 1679 963 1724 Vt
978 1686 1124 1720 autem
1141 1676 1434 1720 Sarmatarum
1451 1672 1635 1720 nomina
1649 1701 1663 1726 ‚
1680 1668 1917 1737 gentescjue

64 1743 249 1792 diuersas
265 1742 488 1791 Columna
500 1742 680 1799 indicet3
695 1743 859 1793 facium
873 1758 982 1809 puto
994 1774 1008 1798 ,
1025 1757 1070 1790 vt
1087 1740 1224 1789 modo
1239 1740 1434 1788 infraenes
1448 1771 1463 1796 ‚
1479 1747 1523 1788 ὃς
1539 1742 1681 1787 contis
1694 1756 1883 1788 armatos
1897 1757 1914 1796 ς

65 1812 205 1863 modo
219 1812 505 1878 sagittiferos(
521 1828 566 1861 vt
577 1815 620 1860 in
636 1813 757 1861 scuto
776 1819 927 1868 AEneae
943 1812 1161 1862 Vulcanus
1177 1829 1251 1858 eos
1264 1809 1442 1859 finxerat
1454 1809 1565 1874 apud
1586 1811 1822 1876 Virgilium
1837 1810 1912 1856 lib.

68 1888 186 1933 VIII.
201 1887 220 1943 )
236 1881 423 1929 redditos
451 1882 698 1932 videamus:
724 1886 773 1930 In
791 1882 995 1932 latiffiina
1023 1883 1142 1930 enim
1170 1882 1348 1947 regione
1361 1912 1376 1936 ,
1403 1881 1548 1931 varius
1576 1894 1801 1928 armaturae
1825 1896 1923 1927 mos

15 1961 22 1992 ³
68 1957 210 2019 vigere
229 1966 395 2018 poterat
413 1970 426 2008 3
447 1952 555 2001 vltra
570 1956 690 2002 enirn
704 1953 820 2000 hunc
835 1953 1054 2020 duplicem
1074 1951 1224 1999 nostrae
1242 1951 1475 1999 Columnae
1488 1981 1504 2006 ,
1524 1951 1658 1999 alium
1672 1950 1923 2015 colligimus

67 2042 121 2072 ex
134 2024 288 2072 Tacito
304 2054 317 2077 ,
334 2024 351 2086 ζ
370 2023 526 2088 pariter
544 2025 589 2071 in
606 2023 824 2092 equitibus
837 2055 851 2079 ,
866 2023 976 2072 nihil
989 2029 1098 2071 enim
1112 2020 1168 2070 ad
1178 2019 1392 2088 pedestrem
1401 2038 1581 2088 pugnam
1595 2038 1678 2070 tam
1692 2027 1887 2087 ignauum
1902 2049 1919 2075 2

64 2092 220 2162 eodem
234 2093 411 2141 authore
422 2096 441 2153 )
447 2092 674 2160 gladiorum
688 2113 781 2161 quos
789 2096 991 2161 praelongos
1007 2097 1182 2159 vtrdque
1196 2110 1318 2140 manu
1332 2109 1454 2157 regan
1464 2108 1482 2138 t
1492 2126 1507 2140 .

127 2168 332 2230 Pugnam
345 2164 477 2211 etiam
492 2181 625 2229 quam
641 2165 842 2230 fugacem
856 2173 984 2213 voea't
1002 2163 1228 2215 Boethius,
1246 2161 1454 2209 Parthicae
1472 2158 1719 2212 affimilerm
1735 2175 1908 2208 cernere

59 2234 118 2284 'cst
132 2238 175 2283 in
191 2237 335 2301 equite
346 2233 537 2282 Sarmata
554 2234 769 2301 sagittario
783 2252 905 2283 num·
918 2253 936 2285 1
947 2236 978 2284 6
989 2252 1024 2285 1·
1042 2232 1162 2297 versis
1179 2237 1249 2295 (vt
1263 2232 1473 2296 Virgilius
1493 2232 1572 2293 ait)
1581 2230 1738 2296 sagittis
1754 2230 1799 2276 in
1818 2226 1916 2294 ipso

62 2307 111 2352 in
126 2306 382 2353 contrariam
405 2319 569 2369 partem
600 2304 748 2353 cursu:
771 2304 893 2372 quod
918 2302 1092 2353 venuste
1110 2302 1237 2350 fimul
1265 2300 1476 2364 acutecjuc
1502 2301 1682 2366 exponit
1713 2297 1920 2347 Sidonius

66 2374 141 2423 lib.
157 2379 233 2425 IX.
253 2373 383 2444 Epist.
398 2378 515 2425 XIII.
535 2376 646 2424 hisce
662 2374 875 2425 versiculis
890 2409 901 2420 .

344 2444 431 2494 Vbi
453 2459 591 2493 toruus
609 2478 622 2502 ,
636 2461 694 2500 <9⁴
721 2463 790 2514 per
811 2463 937 2495 artem

341 2515 543 2580 Refiapina
560 2514 698 2579 flexus
731 2535 794 2563 ora
813 2551 828 2577 ,

345 2591 389 2631 It
420 2603 514 2651 equo
528 2619 541 2642 ,
576 2583 757 2655 reditq'ue
785 2591 859 2635 telo
872 2618 885 2640 ,

70 2696 74 2697 s
349 2657 527 2721 Fugiens
541 2655 780 2726 fugansque
810 2654 1009 2706 Parthus}

69 2723 283 2773 Indicium
296 2723 380 2770 hoc
396 2726 528 2789 igitur
542 2727 723 2774 minime
739 2726 1034 2775 omittendum
1061 2723 1166 2772 duxi
1183 2752 1197 2777 ,
1227 2735 1278 2768 vt
1294 2740 1393 2772 mos
1408 2722 1482 2770 iste
1501 2735 1568 2770 tot
1584 2716 1836 2767 authoribus
1855 2720 1924 2765 ce-'

25 2801 35 2833 ἰ
70 2793 251 2843 lebratus
266 2793 324 2841 ob
338 2795 487 2842 oculos
506 2795 731 2857 obijciatur
746 2830 757 2841 .
786 2797 1050 2863 Exemplum
1071 2811 1222 2843 autem
1235 2790 1453 2842 damnosae
1472 2793 1600 2840 huius
1617 2791 1730 2857 fugae
1743 2820 1757 2844 ,
1775 2789 1926 2837 descri-

0 2888 2 2899 =
73 2863 192 2912 bitin
207 2863 587 2914 Struthio-camelo
606 2866 830 2915 Diodorus
849 2869 1016 2915 Siculus
1032 2867 1105 2913 lib.
1119 2867 1194 2913 III.
1222 2881 1356 2913 contra
1384 2872 1474 2913 vim
1493 2862 1795 2928 insequentum,
1817 2860 1925 2910 tastu

0 2952 3 2999 ζ
76 2933 254 3000 lapidum
262 2934 304 2999 J}
337 2933 516 3000 defendit
530 2966 543 2989 ,
573 2954 666 3001 quos
676 2945 805 3003 pugni
817 2937 1062 3006 crassitudine
1083 2936 1102 2984 ὲ
1112 2932 1278 3002 pedibus
1293 2969 1308 2993 ‚
1327 2952 1517 3001 tanquam
1530 2929 1681 3000 funda*
1698 2948 1896 2996 extorquet
1910 2961 1923 2974 .

0 3012 4 3039 ¹
77 3005 141 3068 Ita
165 3004 325 3053 nullius
341 3021 430 3052 non
446 3006 626 3054 humani
651 3007 957 3072 stratagematis
975 3006 1089 3055 bruti
1113 3005 1181 3055 vel
1199 3006 1428 3071 participes
1446 3035 1461 3060 ,
1478 3003 1550 3052 vel
1566 3002 1764 3049 authores
1778 3001 1896 3048 fuere
1909 3029 1920 3041 .

144 3075 249 3121 Duo
265 3073 411 3121 miscet
427 3078 689 3123 Neotericus
719 3078 765 3123 in
794 3076 985 3126 asterisco
1003 3094 1126 3124 num.
1154 3094 1170 3126 1
1187 3080 1260 3132 58.
1288 3080 1413 3139 (non
1439 3073 1660 3122 destitutus
1676 3108 1690 3132 ‚
1707 3085 1754 3119 vt
1771 3084 1923 3117 verum

81 3138 222 3200 fatear,
235 3145 483 3214 aliquorum
506 3147 705 3213 exemplo
716 3177 729 3203 ,
743 3155 785 3195 &
798 3147 1032 3214 praesertim
1047 3146 1203 3217 vetetis
1218 3145 1456 3216 Scholiastae
1467 3144 1520 3213 ad
1534 3144 1640 3192 illud
1653 3139 1773 3198 Statij
1789 3136 1924 3187 lib.V·

1713 3223 1856 3254 exran·
