2221 3512
465 169 585 234 DE
630 167 835 232 σοι·
881 164 1304 232 TRAIANI
1349 167 1549 237 CAP·
1595 174 1674 236 11.
1838 199 1918 262 41

97 311 129 343 A
161 281 298 356 'quam
315 281 650 333 saeuiffimusille
669 279 888 327 Hannibal
903 278 1017 344 apud
1033 280 1213 326 Liuium
1228 278 1302 326 lib.
1321 284 1484 330 XXIII.
1506 299 1596 347 cap.
1611 285 1823 331 XXXVI.
1851 286 2007 342 eodeffi

164 361 294 426 paeto
307 356 330 403 ὲ
344 354 580 419 Campanis
597 349 682 397 soci
685 351 721 411 js
735 349 758 396 a
775 351 829 397 Τ.
846 349 1108 414 Sempronio
1125 349 1325 397 Graccho
1337 350 1390 400 ad
1403 356 1566 401 Hamas
1580 354 1816 420 profligatis
1828 355 2006 421 ‚saucios

165 425 363 478 vehiculis
386 425 476 472 tolli
488 452 503 478 ‚
521 419 757 488 portariq'ue
778 418 909 467 iubet.

235 494 452 544 Dabimus
466 490 736 539 afferentium
750 487 996 537 authoritati
1008 519 1023 544 ,
1035 488 1258 555 legionem
1267 489 1480 540 decimam
1493 496 1665 541 tertiam
1674 491 1795 540 fuiffe
1808 493 2007 551 eandem]

168 566 261 633 quae
273 561 465 629 praefidio
490 579 541 608 ex
558 561 708 606 Dione
726 561 770 606 in
790 558 924 606 Daci&
938 558 1164 614 remansit,
1190 558 1291 608 cum
1309 568 1353 608 &
1365 562 1561 627 plurimae
1577 562 1877 628 inscriptiones
1892 566 1938 612 in
1955 563 2006 612 εὲ

168 631 396 683 Prouincizi
407 628 650 696 repertoe,de
666 629 746 675 haic
761 629 934 694 legione
948 627 1073 693 varijs
1085 629 1354 693 temporibus
1369 634 1639 680 mentionem
1654 633 1872 690 facientes,
1885 635 2007 684 idem

100 721 123 751 n
166 703 363 751 suadeant
377 732 391 756 7
423 709 465 748 δι
494 700 580 765 ipse
610 702 702 747 Dio
731 697 805 744 lib.
824 701 918 745 LV.
945 698 991 746 in
1017 701 1135 762 Aug.
1164 696 1217 744 ad
1242 715 1346 747 ann.
1376 704 1429 748 V.
1455 707 1511 750 c,
1542 706 1834 751 DCCLVHI,
1865 703 2006 757 adhuq

161 773 238 821 suo
268 788 362 819 aeuo
390 769 549 818 dictam
578 769 801 833 legionem
828 767 889 814 ibi
922 767 1071 816 statiua
1101 766 1291 818 habuisse
1317 769 1487 819 testetur
1515 789 1527 819 ε
1569 770 1662 819 imo
1692 773 1722 821 fi
1743 790 1818 820 eos
1840 773 2003 822 imitari

162 843 339 896 vellem,
355 843 549 903 (vtinam
563 839 685 899 nimij
705 854 795 884 non
809 836 965 898 ess'ent)
986 839 1062 902 qui
1078 852 1220 885 vetera
1231 838 1456 889 leuiffimis
1473 844 1726 890 coniecturis
1743 859 1843 891 cum
1858 843 2007 892 recen-¹

160 913 274 960 tibus
295 913 582 963 commotum,
613 908 796 956 dicerem
814 938 830 961 ,
855 907 1161 955 Tranfiluaniae
1190 910 1430 957 Prouinciae
1459 917 1478 971 (
1492 929 1588 977 quae
1606 913 1714 960 olim
1742 929 1838 977 pars
1851 899 2006 961 Daciae'

159 999 250 1029 non
266 982 416 1045 exigua
431 978 543 1038 fuit)
562 977 748 1044 infigne,
777 975 910 1025 tribus
927 977 1012 1025 fiue
1025 976 1224 1025 dentibus
1241 979 1327 1027 fiue
1342 982 1542 1029 cornibus
1556 984 1743 1030 incuruis
1756 985 1802 1029 in
1815 984 2004 1049 planum'

157 1051 396 1098 iacentibus
410 1047 657 1112 figuratum,
673 1047 695 1093 a
710 1048 845 1112 legio·
1992 1040 2003 1051 ²

89 1142 118 1171 c
155 1124 223 1168 nis
248 1121 373 1167 huius
396 1122 515 1168 XIII.
532 1116 679 1182 aquili
694 1134 846 1182 parum

157 1189 414 1238 diffimiliter
428 1186 575 1235 ornata
591 1218 604 1242 ,
623 1187 848 1252 sumptum
1077 1190 1150 1246 L,
1212 1191 1467 1248 GELL
1482 1193 1511 1248 I
1527 1193 1651 1249 VS

157 1259 288 1315 stlissc3
300 1272 348 1306 vt
360 1261 405 1303 in
418 1256 606 1304 subiefflm
619 1257 758 1322 lapide
772 1275 848 1321 per

157 1332 394 1376 Gruterum
405 1328 538 1374 relato
550 1326 627 1374 fol.
643 1329 844 1375 MXXX.
1085 1303 1285 1364 OVF.
1324 1305 1626 1367 VARVS

194 1436 203 1448 .
216 1429 228 1452 a
244 1401 289 1444 in
337 1415 394 1444 uo
406 1428 420 1451 ‚
433 1398 588 1445 flexiles
604 1396 667 1443 illi
682 1396 845 1454 circuli,

149 1416 334 1516 gillitarcrle
364 1466 625 1514 armillarum
643 1466 812 1514 donum
831 1496 844 1519 ,
996 1503 1002 1508 .
1028 1418 1346 1478 VETER‘
1361 1419 1711 1481 LEG⁴XIH

85 1554 116 1587 D
152 1536 329 1585 subditae
357 1536 459 1584 vero
473 1534 779 1602 quadrangulae
797 1533 842 1581 fi-

153 1625 266 1673 gurae
278 1637 292 1661 ,
314 1607 498 1654 clathros
512 1605 570 1652 ob
584 1607 843 1654 tuitionem„

152 1677 418 1732 Castrorum,
433 1690 480 1723 vt
498 1674 671 1723 Vrsinus
688 1677 734 1722 in
747 1677 844 1723 vni-

152 1742 204 1794 co
229 1749 369 1812 gentis
398 1746 533 1793 Arriae
562 1762 749 1792 nummo
773 1742 843 1790 ad-

151 1817 323 1864 notauit
335 1847 348 1870 ,
368 1814 599 1881 significare
612 1827 841 1880 poterunt:

152 1885 221 1933 sed
237 1884 357 1951 quod
383 1900 603 1950 propterea
625 1885 739 1949 legio
754 1883 841 1948 ipsa

84 1970 111 2003 Ξ
150 1954 274 2004 fuerit
292 1956 449 2002 Dacica
464 1968 615 2003 vocata
626 1985 640 2008 ,
657 1968 704 2002 vt
715 1971 838 2002 num.

153 2042 262 2087 227.
306 2024 462 2073 dicitur
490 2056 504 2079 ,
543 2022 701 2071 nullibi
728 2042 839 2072 me..

149 2094 289 2161 legiffe
302 2096 483 2142 memini
493 2112 505 2150 3
516 2094 595 2143 nisi
609 2098 629 2157 (
642 2111 737 2159 quat
750 2093 840 2141 for-

152 2164 226 2214 san
252 2165 334 2212 fuit
359 2166 511 2212 erroris
540 2164 738 2225 occasio)
757 2164 839 2212 in.»

150 2234 395 2299 gloss'emare
422 2233 535 2300 apud
564 2233 838 2283 Laziumlib.

153 2309 208 2352 V.
237 2320 326 2369 cap.
355 2310 456 2352 XX.
485 2301 560 2351 fol.
595 2315 705 2368 567.
723 2323 736 2360 3
764 2321 838 2369 per

83 2388 104 2417 ε
150 2374 271 2437 quod
287 2405 301 2428 ,
329 2376 474 2421 locum
503 2374 692 2422 stationis
706 2404 720 2429 a
747 2390 839 2421 non

151 2444 325 2490 titulum
338 2444 529 2509 aliquem
542 2442 759 2510 defignare
777 2447 919 2494 voluit
934 2478 948 2502 ,
977 2461 1024 2496 vt
1050 2465 1102 2496 ex
1128 2449 1243 2496 illius
1259 2448 1342 2496 loci
1363 2463 1569 2497 contextu
1584 2465 1784 2517 apparet.

223 2512 407 2575 Qduis
432 2513 578 2578 potius
605 2528 791 2579 reportet
807 2532 855 2563 ex
871 2518 1043 2566 Traiani
1061 2517 1307 2566 liberalitate
1324 2519 1448 2567 miles
1462 2519 1531 2566 ille
1546 2519 1661 2567 sacco
1679 2520 1853 2569 onustus
1866 2522 1997 2572 num?

159 2594 269 2643 176.
285 2581 436 2646 ‚quam
453 2586 712 2648 congiarium,
728 2598 775 2632 vt
791 2584 960 2643 dicitur3
980 2590 1124 2653 potuit
1139 2590 1257 2636 enim
1271 2586 1425 2637 adorez‘l
1438 2587 1588 2636 donari
1604 2589 1662 2636 ob
1675 2590 1854 2655 aliquod
1871 2598 1991 2657 egre-⁴

149 2652 274 2717 gium
286 2651 466 2707 facinus,
477 2667 523 2700 vt
540 2653 672 2700 moris
685 2653 805 2702 fuisse
821 2657 933 2721 apud
947 2671 1109 2705 veteres
1126 2662 1372 2713 Romanos,
1386 2660 1616 2722 quartario,
1631 2658 1702 2705 seu
1718 2659 1894 2708 hemina
1906 2660 1990 2711 far-

149 2723 207 2769 ris
223 2721 401 2776 collatrl,
426 2738 640 2770 memorat
664 2724 830 2772 Plinius
860 2727 965 2775 Hist.
995 2727 1071 2777 lib.
1089 2731 1252 2775 XVIII.
1270 2746 1361 2793 cap.
1378 2732 1451 2776 III.
1467 2760 1481 2783 ,
1507 2737 1551 2776 ὅ(
1574 2731 1733 2777 iterum
1756 2746 1848 2795 cap.
1864 2735 1986 2781 VIII.

82 2797 116 2833 G
147 2789 379 2856 vtrobique
394 2792 440 2838 in
455 2793 668 2857 principio
682 2811 695 2849 3
710 2810 809 2842 nam
826 2798 996 2861 proprie
1023 2805 1262 2864 congiarium
1286 2798 1484 2864 populari
1510 2798 1729 2864 largitioni
1744 2804 1955 2851 conuenit
1967 2829 1987 2858 ‚

146 2874 196 2909 vt
213 2862 389 2908 militari
405 2859 640 2909 donatiuum
651 2892 666 2917 ,
678 2865 853 2911 Tacitus
868 2866 942 2915 lib.
958 2871 1053 2915 XII.
1072 2864 1278 2916 additium
1294 2876 1448 2916 nomine
1461 2875 1543 2916 eius
1559 2870 1784 2931 (Neronis
1800 2869 1979 2936 scilicet)

146 2927 385 2978 donatiuum
401 2934 520 2978 militi
537 2961 551 2985 ‚
575 2937 815 2997 congiarium
831 2934 981 3000 plebei3
1008 2934 1054 2983 id
1081 2935 1203 3003 quod
1216 2944 1260 2984 δέ
1272 2939 1505 2986 Suetonius
1519 2940 1565 2986 in
1578 2942 1761 2989 Nerone
1777 2957 1865 3005 cap.
1882 2945 1978 2989 VII.

148 2998 302 3048 eodem
317 3003 444 3065 pacto
459 3001 640 3065 explicat
653 3032 667 3051 2
695 3001 892 3053 deduHus
907 3012 951 3052 in
965 3006 1106 3072 fiirum
1137 3013 1209 3055 tiro
1223 3037 1237 3060 -,
1263 3009 1406 3072 populo
1422 3015 1658 3074 congiarium
1672 3041 1687 3066 ‚
1713 3011 1840 3058 militi
1853 3009 1975 3057 dona-

148 3076 283 3117 tiuum
293 3070 490 3135 propolim
502 3100 516 3124 ,
532 3069 668 3134 de('1ue
682 3071 825 3120 nostro
843 3075 1031 3123 Traiano
1058 3076 1221 3123 Plinius
1238 3077 1283 3124 in
1298 3081 1460 3142 Paneg.
1475 3095 1598 3126 num.
1623 3096 1677 3128 21
1689 3097 1732 3145 5,
1762 3077 1978 3144 datumq‘ue

144 3146 382 3203 congiarium
402 3141 568 3206 populo,
594 3150 654 3193 (θ’
674 3139 820 3192 datum
846 3161 974 3193 totum
1002 3175 1017 3200 2
1046 3143 1135 3193 stim
1162 3145 1340 3195 donatiui
1358 3164 1519 3212 partem
1549 3151 1699 3197 milites
1725 3147 1944 3209 acceptffint
1960 3183 1972 3193 .

1372 3219 1403 3263 F
1797 3216 1911 3271 Scio,
