<?xml version="1.0" encoding="UTF-8"?>
<!DOCTYPE html PUBLIC "-//W3C//DTD XHTML 1.0 Transitional//EN"
    "http://www.w3.org/TR/xhtml1/DTD/xhtml1-transitional.dtd">
<html xmlns="http://www.w3.org/1999/xhtml" xml:lang="en" lang="en">
 <head>
  <title>
</title>
<meta http-equiv="Content-Type" content="text/html;charset=utf-8" />
  <meta name='ocr-system' content='tesseract 3.04.00' />
  <meta name='ocr-capabilities' content='ocr_page ocr_carea ocr_par ocr_line ocrx_word'/>
</head>
<body>
  <div class='ocr_page' id='page_1' title='image "./raphaelisfabrett00fabr_0441.png"; bbox 0 0 2221 3512; ppageno 0'>
   <div class='ocr_carea' id='block_1_1' title="bbox 18 137 2002 3314">
    <p class='ocr_par' dir='ltr' id='par_1_1' title="bbox 26 137 1730 207">
     <span class='ocr_line' id='line_1_1' title="bbox 26 137 1730 207; baseline 0.01 -31"><span class='ocrx_word' id='word_1_1' title='bbox 26 137 47 160; x_wconf 69' lang='lat'>³⁶</span> <span class='ocrx_word' id='word_1_2' title='bbox 107 137 247 197; x_wconf 81' lang='lat' dir='ltr'>Qesto</span> <span class='ocrx_word' id='word_1_3' title='bbox 264 140 368 179; x_wconf 84' lang='lat' dir='ltr'>modo</span> <span class='ocrx_word' id='word_1_4' title='bbox 380 139 418 179; x_wconf 78' lang='lat' dir='ltr'>di</span> <span class='ocrx_word' id='word_1_5' title='bbox 433 139 644 195; x_wconf 78' lang='lat' dir='ltr'>trapaffare</span> <span class='ocrx_word' id='word_1_6' title='bbox 659 141 673 180; x_wconf 88' lang='lat' dir='ltr'>i</span> <span class='ocrx_word' id='word_1_7' title='bbox 674 142 791 197; x_wconf 81' lang='lat' dir='ltr'>fiumi</span> <span class='ocrx_word' id='word_1_8' title='bbox 802 143 1035 197; x_wconf 66' lang='lat' dir='ltr'>chiamauasi</span> <span class='ocrx_word' id='word_1_9' title='bbox 1054 147 1231 187; x_wconf 60' lang='lat' dir='ltr'>waiet-7111</span> <span class='ocrx_word' id='word_1_10' title='bbox 1244 163 1252 191; x_wconf 88' lang='lat'>;</span> <span class='ocrx_word' id='word_1_11' title='bbox 1268 160 1364 187; x_wconf 82' lang='lat' dir='ltr'>come</span> <span class='ocrx_word' id='word_1_12' title='bbox 1375 150 1468 189; x_wconf 83' lang='lat' dir='ltr'>nelle</span> <span class='ocrx_word' id='word_1_13' title='bbox 1483 151 1702 207; x_wconf 65' lang='lat' dir='ltr'>medagliej</span> <span class='ocrx_word' id='word_1_14' title='bbox 1717 151 1730 192; x_wconf 74' lang='grc' dir='ltr'><strong><em>Ῑ</em></strong></span> 
     </span>
    </p>

    <p class='ocr_par' dir='ltr' id='par_1_2' title="bbox 26 197 1945 322">
     <span class='ocr_line' id='line_1_2' title="bbox 26 197 1945 263; baseline 0.009 -27"><span class='ocrx_word' id='word_1_15' title='bbox 26 210 76 248; x_wconf 76' lang='lat'>47</span> <span class='ocrx_word' id='word_1_16' title='bbox 110 201 260 239; x_wconf 85' lang='lat' dir='ltr'><strong>Omnes</strong></span> <span class='ocrx_word' id='word_1_17' title='bbox 276 197 462 253; x_wconf 72' lang='lat' dir='ltr'>signiferi,</span> <span class='ocrx_word' id='word_1_18' title='bbox 479 202 661 255; x_wconf 82' lang='lat' dir='ltr'>quamuis</span> <span class='ocrx_word' id='word_1_19' title='bbox 673 201 845 254; x_wconf 79' lang='lat' dir='ltr'>pedites,</span> <span class='ocrx_word' id='word_1_20' title='bbox 863 202 1006 244; x_wconf 87' lang='lat' dir='ltr'>loricas</span> <span class='ocrx_word' id='word_1_21' title='bbox 1025 206 1196 245; x_wconf 86' lang='lat' dir='ltr'>minores</span> <span class='ocrx_word' id='word_1_22' title='bbox 1211 207 1457 260; x_wconf 78' lang='lat' dir='ltr'>accipiebant</span> <span class='ocrx_word' id='word_1_23' title='bbox 1468 236 1480 253; x_wconf 80' lang='lat'>,</span> <span class='ocrx_word' id='word_1_24' title='bbox 1494 213 1532 250; x_wconf 64' lang='lat' dir='ltr'>Sc</span> <span class='ocrx_word' id='word_1_25' title='bbox 1547 211 1676 263; x_wconf 82' lang='lat' dir='ltr'>galeas</span> <span class='ocrx_word' id='word_1_26' title='bbox 1693 213 1741 252; x_wconf 86' lang='lat' dir='ltr'>ad</span> <span class='ocrx_word' id='word_1_27' title='bbox 1755 225 1945 254; x_wconf 85' lang='lat' dir='ltr'>terrorem</span> 
     </span>
     <span class='ocr_line' id='line_1_3' title="bbox 79 256 1942 322; baseline 0.008 -27"><span class='ocrx_word' id='word_1_28' title='bbox 79 256 247 296; x_wconf 86' lang='lat' dir='ltr'>hostium</span> <span class='ocrx_word' id='word_1_29' title='bbox 276 256 445 297; x_wconf 89' lang='lat' dir='ltr'>leoninis</span> <span class='ocrx_word' id='word_1_30' title='bbox 461 258 632 311; x_wconf 90' lang='lat' dir='ltr'>pellibus</span> <span class='ocrx_word' id='word_1_31' title='bbox 649 261 790 304; x_wconf 53' lang='lat' dir='ltr'>tectas&gt;</span> <span class='ocrx_word' id='word_1_32' title='bbox 804 258 906 300; x_wconf 90' lang='lat' dir='ltr'>iubis</span> <span class='ocrx_word' id='word_1_33' title='bbox 923 260 1034 314; x_wconf 89' lang='lat' dir='ltr'>supra</span> <span class='ocrx_word' id='word_1_34' title='bbox 1063 263 1209 303; x_wconf 90' lang='lat' dir='ltr'>collum</span> <span class='ocrx_word' id='word_1_35' title='bbox 1229 267 1266 305; x_wconf 70' lang='grc' dir='ltr'>δι</span> <span class='ocrx_word' id='word_1_36' title='bbox 1284 265 1468 306; x_wconf 81' lang='lat' dir='ltr'>humeros</span> <span class='ocrx_word' id='word_1_37' title='bbox 1484 267 1644 321; x_wconf 73' lang='lat' dir='ltr'>profuse</span> <span class='ocrx_word' id='word_1_38' title='bbox 1658 270 1920 322; x_wconf 80' lang='lat' dir='ltr'>pendentibus</span> <span class='ocrx_word' id='word_1_39' title='bbox 1932 300 1942 309; x_wconf 84' lang='lat'><strong>.</strong></span> 
     </span>
    </p>

    <p class='ocr_par' dir='ltr' id='par_1_3' title="bbox 21 313 1942 377">
     <span class='ocr_line' id='line_1_4' title="bbox 21 313 1942 377; baseline 0.007 -25"><span class='ocrx_word' id='word_1_40' title='bbox 21 357 23 360; x_wconf 52' lang='grc'><strong>,</strong></span> <span class='ocrx_word' id='word_1_41' title='bbox 80 314 131 353; x_wconf 87' lang='lat' dir='ltr'>Et</span> <span class='ocrx_word' id='word_1_42' title='bbox 144 313 239 354; x_wconf 76' lang='lat' dir='ltr'>licet</span> <span class='ocrx_word' id='word_1_43' title='bbox 255 316 448 368; x_wconf 86' lang='lat' dir='ltr'>Vegetius</span> <span class='ocrx_word' id='word_1_44' title='bbox 465 315 608 356; x_wconf 88' lang='lat' dir='ltr'>vrfinas</span> <span class='ocrx_word' id='word_1_45' title='bbox 621 315 733 356; x_wconf 76' lang='lat' dir='ltr'>fuiffe</span> <span class='ocrx_word' id='word_1_46' title='bbox 755 316 979 358; x_wconf 85' lang='lat' dir='ltr'>huiusmodi</span> <span class='ocrx_word' id='word_1_47' title='bbox 993 319 1117 373; x_wconf 88' lang='lat' dir='ltr'>pelles</span> <span class='ocrx_word' id='word_1_48' title='bbox 1133 321 1277 362; x_wconf 85' lang='lat' dir='ltr'>doceat</span> <span class='ocrx_word' id='word_1_49' title='bbox 1290 349 1301 366; x_wconf 73' lang='lat'>‚</span> <span class='ocrx_word' id='word_1_50' title='bbox 1325 324 1517 377; x_wconf 80' lang='lat' dir='ltr'>Virgilius</span> <span class='ocrx_word' id='word_1_51' title='bbox 1542 338 1670 366; x_wconf 82' lang='lat' dir='ltr'>tamen</span> <span class='ocrx_word' id='word_1_52' title='bbox 1685 328 1860 368; x_wconf 84' lang='lat' dir='ltr'>leoninas</span> <span class='ocrx_word' id='word_1_53' title='bbox 1877 340 1942 367; x_wconf 83' lang='lat' dir='ltr'>eas</span> 
     </span>
    </p>

    <p class='ocr_par' dir='ltr' id='par_1_4' title="bbox 21 369 1940 495">
     <span class='ocr_line' id='line_1_5' title="bbox 21 369 1940 437; baseline 0.007 -27"><span class='ocrx_word' id='word_1_54' title='bbox 21 393 23 416; x_wconf 92' lang='grc'>;</span> <span class='ocrx_word' id='word_1_55' title='bbox 81 369 193 411; x_wconf 75' lang='lat' dir='ltr'>fuisse</span> <span class='ocrx_word' id='word_1_56' title='bbox 215 371 347 413; x_wconf 88' lang='lat' dir='ltr'>censet</span> <span class='ocrx_word' id='word_1_57' title='bbox 361 399 373 418; x_wconf 81' lang='lat'>,</span> <span class='ocrx_word' id='word_1_58' title='bbox 404 372 550 426; x_wconf 89' lang='lat' dir='ltr'>quibus</span> <span class='ocrx_word' id='word_1_59' title='bbox 566 373 749 427; x_wconf 69' lang='lat' dir='ltr'>signiferi,</span> <span class='ocrx_word' id='word_1_60' title='bbox 764 376 804 415; x_wconf 68' lang='lat' dir='ltr'>Ee</span> <span class='ocrx_word' id='word_1_61' title='bbox 817 375 958 417; x_wconf 88' lang='lat' dir='ltr'>strenui</span> <span class='ocrx_word' id='word_1_62' title='bbox 974 376 1095 418; x_wconf 82' lang='lat' dir='ltr'>duces</span> <span class='ocrx_word' id='word_1_63' title='bbox 1110 380 1149 418; x_wconf 86' lang='lat' dir='ltr'>in</span> <span class='ocrx_word' id='word_1_64' title='bbox 1164 379 1272 419; x_wconf 91' lang='lat' dir='ltr'>bello</span> <span class='ocrx_word' id='word_1_65' title='bbox 1288 392 1509 426; x_wconf 78' lang='lat' dir='ltr'>vterentur,</span> <span class='ocrx_word' id='word_1_66' title='bbox 1526 382 1608 437; x_wconf 77' lang='lat' dir='ltr'>quo</span> <span class='ocrx_word' id='word_1_67' title='bbox 1630 382 1842 425; x_wconf 87' lang='lat' dir='ltr'>ferociores</span> <span class='ocrx_word' id='word_1_68' title='bbox 1860 384 1940 429; x_wconf 80' lang='lat' dir='ltr'>visi,</span> 
     </span>
     <span class='ocr_line' id='line_1_6' title="bbox 79 430 1826 495; baseline 0.01 -26"><span class='ocrx_word' id='word_1_69' title='bbox 79 432 268 472; x_wconf 83' lang='lat' dir='ltr'>maiorem</span> <span class='ocrx_word' id='word_1_70' title='bbox 284 430 460 472; x_wconf 86' lang='lat' dir='ltr'>hostibus</span> <span class='ocrx_word' id='word_1_71' title='bbox 473 443 660 471; x_wconf 85' lang='lat' dir='ltr'>terrorem</span> <span class='ocrx_word' id='word_1_72' title='bbox 676 432 898 474; x_wconf 81' lang='lat' dir='ltr'>incuterent</span> <span class='ocrx_word' id='word_1_73' title='bbox 912 462 924 472; x_wconf 86' lang='lat'><strong>.</strong></span> <span class='ocrx_word' id='word_1_74' title='bbox 949 435 1057 474; x_wconf 89' lang='lat' dir='ltr'>Nam</span> <span class='ocrx_word' id='word_1_75' title='bbox 1069 435 1120 475; x_wconf 89' lang='lat' dir='ltr'>de</span> <span class='ocrx_word' id='word_1_76' title='bbox 1129 435 1332 478; x_wconf 84' lang='lat' dir='ltr'>Auentino</span> <span class='ocrx_word' id='word_1_77' title='bbox 1348 438 1518 495; x_wconf 86' lang='lat' dir='ltr'>loquens</span> <span class='ocrx_word' id='word_1_78' title='bbox 1538 455 1576 491; x_wconf 85' lang='lat'>7.</span> <span class='ocrx_word' id='word_1_79' title='bbox 1588 440 1689 482; x_wconf 82' lang='lat' dir='ltr'>Aen.</span> <span class='ocrx_word' id='word_1_80' title='bbox 1702 442 1798 483; x_wconf 87' lang='lat' dir='ltr'>dicit</span> <span class='ocrx_word' id='word_1_81' title='bbox 1814 468 1826 486; x_wconf 70' lang='lat'>3</span> 
     </span>
    </p>

    <p class='ocr_par' dir='ltr' id='par_1_5' title="bbox 357 487 1265 660">
     <span class='ocr_line' id='line_1_7' title="bbox 369 487 1265 544; baseline 0.007 -17"><span class='ocrx_word' id='word_1_82' title='bbox 369 489 395 529; x_wconf 91' lang='grc' dir='ltr'><strong><em>Ι</em></strong></span> <span class='ocrx_word' id='word_1_83' title='bbox 389 487 453 541; x_wconf 81' lang='lat' dir='ltr'>pfi’</span> <span class='ocrx_word' id='word_1_84' title='bbox 461 487 571 542; x_wconf 86' lang='lat' dir='ltr'>pedes</span> <span class='ocrx_word' id='word_1_85' title='bbox 584 515 597 533; x_wconf 80' lang='lat'>,</span> <span class='ocrx_word' id='word_1_86' title='bbox 608 499 750 543; x_wconf 87' lang='lat' dir='ltr'>tegmen</span> <span class='ocrx_word' id='word_1_87' title='bbox 771 500 943 544; x_wconf 84' lang='lat' dir='ltr'>torquens</span> <span class='ocrx_word' id='word_1_88' title='bbox 957 491 1119 532; x_wconf 85' lang='lat' dir='ltr'>immane</span> <span class='ocrx_word' id='word_1_89' title='bbox 1130 493 1240 532; x_wconf 85' lang='lat' dir='ltr'>leonis</span> <span class='ocrx_word' id='word_1_90' title='bbox 1252 520 1265 539; x_wconf 84' lang='lat'>,</span> 
     </span>
     <span class='ocr_line' id='line_1_8' title="bbox 364 544 1236 599; baseline 0.005 -13"><span class='ocrx_word' id='word_1_91' title='bbox 364 544 544 586; x_wconf 75' lang='lat' dir='ltr'>Terribili</span> <span class='ocrx_word' id='word_1_92' title='bbox 556 547 744 599; x_wconf 80' lang='lat' dir='ltr'>impexum</span> <span class='ocrx_word' id='word_1_93' title='bbox 752 547 842 599; x_wconf 72' lang='lat' dir='ltr'>fita</span> <span class='ocrx_word' id='word_1_94' title='bbox 864 563 945 588; x_wconf 85' lang='lat' dir='ltr'>cum</span> <span class='ocrx_word' id='word_1_95' title='bbox 957 549 1125 589; x_wconf 84' lang='lat' dir='ltr'>dentibus</span> <span class='ocrx_word' id='word_1_96' title='bbox 1140 551 1236 591; x_wconf 85' lang='lat' dir='ltr'>albis</span> 
     </span>
     <span class='ocr_line' id='line_1_9' title="bbox 357 603 1155 660; baseline 0.011 -21"><span class='ocrx_word' id='word_1_97' title='bbox 357 603 529 645; x_wconf 80' lang='lat' dir='ltr'>,Indutus</span> <span class='ocrx_word' id='word_1_98' title='bbox 543 605 654 659; x_wconf 81' lang='lat' dir='ltr'>capiti</span> <span class='ocrx_word' id='word_1_99' title='bbox 667 604 741 657; x_wconf 83' lang='lat' dir='ltr'>,fic</span> <span class='ocrx_word' id='word_1_100' title='bbox 756 605 856 660; x_wconf 85' lang='lat' dir='ltr'>regia</span> <span class='ocrx_word' id='word_1_101' title='bbox 869 607 968 646; x_wconf 70' lang='lat' dir='ltr'>teHa</span> <span class='ocrx_word' id='word_1_102' title='bbox 972 606 1128 659; x_wconf 84' lang='lat' dir='ltr'>subibat</span> <span class='ocrx_word' id='word_1_103' title='bbox 1143 634 1155 652; x_wconf 81' lang='lat'>,</span> 
     </span>
    </p>

    <p class='ocr_par' dir='ltr' id='par_1_6' title="bbox 367 663 1388 716">
     <span class='ocr_line' id='line_1_10' title="bbox 367 663 1388 716; baseline 0.004 -13"><span class='ocrx_word' id='word_1_104' title='bbox 367 663 560 704; x_wconf 84' lang='lat' dir='ltr'>Horridus</span> <span class='ocrx_word' id='word_1_105' title='bbox 576 689 589 709; x_wconf 81' lang='lat'>‚</span> <span class='ocrx_word' id='word_1_106' title='bbox 601 663 856 716; x_wconf 84' lang='lat' dir='ltr'>Herculeoque</span> <span class='ocrx_word' id='word_1_107' title='bbox 873 663 1036 704; x_wconf 79' lang='lat' dir='ltr'>humeros</span> <span class='ocrx_word' id='word_1_108' title='bbox 1049 665 1207 705; x_wconf 79' lang='lat' dir='ltr'>innexus</span> <span class='ocrx_word' id='word_1_109' title='bbox 1219 668 1362 707; x_wconf 72' lang='lat' dir='ltr'>amic‘Iu</span> <span class='ocrx_word' id='word_1_110' title='bbox 1378 698 1388 707; x_wconf 88' lang='lat'><strong>.</strong></span> 
     </span>
    </p>

    <p class='ocr_par' dir='ltr' id='par_1_7' title="bbox 20 717 1934 776">
     <span class='ocr_line' id='line_1_11' title="bbox 20 717 1934 776; baseline 0.005 -14"><span class='ocrx_word' id='word_1_111' title='bbox 20 718 22 761; x_wconf 71' lang='grc' dir='ltr'>ἓ</span> <span class='ocrx_word' id='word_1_112' title='bbox 76 722 215 762; x_wconf 89' lang='lat' dir='ltr'>Potuit</span> <span class='ocrx_word' id='word_1_113' title='bbox 229 731 359 761; x_wconf 90' lang='lat' dir='ltr'>autem</span> <span class='ocrx_word' id='word_1_114' title='bbox 372 717 472 766; x_wconf 81' lang='lat' dir='ltr'>sieri,</span> <span class='ocrx_word' id='word_1_115' title='bbox 488 734 532 763; x_wconf 91' lang='lat' dir='ltr'>vt</span> <span class='ocrx_word' id='word_1_116' title='bbox 546 720 699 762; x_wconf 88' lang='lat' dir='ltr'>vtrisuis</span> <span class='ocrx_word' id='word_1_117' title='bbox 715 719 922 763; x_wconf 71' lang='lat' dir='ltr'>indiscrete</span> <span class='ocrx_word' id='word_1_118' title='bbox 937 721 1107 776; x_wconf 78' lang='lat' dir='ltr'>signiferi</span> <span class='ocrx_word' id='word_1_119' title='bbox 1129 724 1169 764; x_wconf 88' lang='lat' dir='ltr'>in</span> <span class='ocrx_word' id='word_1_120' title='bbox 1185 724 1294 765; x_wconf 89' lang='lat' dir='ltr'>bello</span> <span class='ocrx_word' id='word_1_121' title='bbox 1310 738 1522 771; x_wconf 62' lang='lat' dir='ltr'>merentur,</span> <span class='ocrx_word' id='word_1_122' title='bbox 1539 730 1578 767; x_wconf 88' lang='lat'>&amp;</span> <span class='ocrx_word' id='word_1_123' title='bbox 1595 728 1742 774; x_wconf 77' lang='lat' dir='ltr'>vrfinis,</span> <span class='ocrx_word' id='word_1_124' title='bbox 1756 733 1795 771; x_wconf 73' lang='grc' dir='ltr'>δε</span> <span class='ocrx_word' id='word_1_125' title='bbox 1807 731 1934 772; x_wconf 87' lang='lat' dir='ltr'>leoni-</span> 
     </span>
    </p>

    <p class='ocr_par' dir='ltr' id='par_1_8' title="bbox 20 776 2002 835">
     <span class='ocr_line' id='line_1_12' title="bbox 20 776 2002 835; baseline 0.005 -15"><span class='ocrx_word' id='word_1_126' title='bbox 20 795 23 819; x_wconf 77' lang='lat' dir='ltr'>t</span> <span class='ocrx_word' id='word_1_127' title='bbox 76 782 142 820; x_wconf 88' lang='lat' dir='ltr'>nis</span> <span class='ocrx_word' id='word_1_128' title='bbox 159 794 170 822; x_wconf 88' lang='lat'>;</span> <span class='ocrx_word' id='word_1_129' title='bbox 194 778 262 820; x_wconf 91' lang='lat' dir='ltr'>sed</span> <span class='ocrx_word' id='word_1_130' title='bbox 281 792 367 834; x_wconf 88' lang='lat' dir='ltr'>quae</span> <span class='ocrx_word' id='word_1_131' title='bbox 384 776 448 820; x_wconf 90' lang='lat' dir='ltr'>hic</span> <span class='ocrx_word' id='word_1_132' title='bbox 464 780 736 835; x_wconf 87' lang='lat' dir='ltr'>exprimuntur</span> <span class='ocrx_word' id='word_1_133' title='bbox 751 804 764 824; x_wconf 81' lang='lat'>,</span> <span class='ocrx_word' id='word_1_134' title='bbox 776 780 987 833; x_wconf 82' lang='lat' dir='ltr'>imaginem</span> <span class='ocrx_word' id='word_1_135' title='bbox 1005 779 1179 823; x_wconf 87' lang='lat' dir='ltr'>referunt</span> <span class='ocrx_word' id='word_1_136' title='bbox 1191 795 1273 823; x_wconf 88' lang='lat' dir='ltr'>non</span> <span class='ocrx_word' id='word_1_137' title='bbox 1288 782 1463 825; x_wconf 89' lang='lat' dir='ltr'>vrsorum</span> <span class='ocrx_word' id='word_1_138' title='bbox 1480 811 1492 830; x_wconf 87' lang='lat'>‚</span> <span class='ocrx_word' id='word_1_139' title='bbox 1508 784 1574 826; x_wconf 90' lang='lat' dir='ltr'>sed</span> <span class='ocrx_word' id='word_1_140' title='bbox 1588 786 1748 827; x_wconf 88' lang='lat' dir='ltr'>leonum</span> <span class='ocrx_word' id='word_1_141' title='bbox 1764 813 1776 832; x_wconf 90' lang='lat'>,</span> <span class='ocrx_word' id='word_1_142' title='bbox 1788 787 1876 829; x_wconf 75' lang='lat' dir='ltr'>cum</span> <span class='ocrx_word' id='word_1_143' title='bbox 1892 803 1938 830; x_wconf 84' lang='lat' dir='ltr'>ex</span> <span class='ocrx_word' id='word_1_144' title='bbox 1997 813 2002 819; x_wconf 92' lang='lat'>-</span> 
     </span>
    </p>

    <p class='ocr_par' dir='ltr' id='par_1_9' title="bbox 20 835 1150 893">
     <span class='ocr_line' id='line_1_13' title="bbox 20 835 1150 893; baseline 0 -15"><span class='ocrx_word' id='word_1_145' title='bbox 20 854 22 857; x_wconf 95' lang='lat'>·</span> <span class='ocrx_word' id='word_1_146' title='bbox 76 836 276 891; x_wconf 87' lang='lat' dir='ltr'>vnguibus</span> <span class='ocrx_word' id='word_1_147' title='bbox 293 835 560 892; x_wconf 85' lang='lat' dir='ltr'>pendentibus</span> <span class='ocrx_word' id='word_1_148' title='bbox 576 835 762 878; x_wconf 74' lang='lat' dir='ltr'>facillime</span> <span class='ocrx_word' id='word_1_149' title='bbox 779 837 1126 893; x_wconf 83' lang='lat' dir='ltr'>deprehendantur</span> <span class='ocrx_word' id='word_1_150' title='bbox 1140 868 1150 878; x_wconf 91' lang='lat'><strong>.</strong></span> 
     </span>
    </p>

    <p class='ocr_par' dir='ltr' id='par_1_10' title="bbox 25 894 1937 951">
     <span class='ocr_line' id='line_1_14' title="bbox 25 894 1937 951; baseline 0.003 -15"><span class='ocrx_word' id='word_1_151' title='bbox 25 897 73 946; x_wconf 71' lang='lat'>48</span> <span class='ocrx_word' id='word_1_152' title='bbox 106 896 226 949; x_wconf 72' lang='lat' dir='ltr'>Signa</span> <span class='ocrx_word' id='word_1_153' title='bbox 241 894 463 936; x_wconf 78' lang='lat' dir='ltr'>concordia:</span> <span class='ocrx_word' id='word_1_154' title='bbox 477 921 490 940; x_wconf 68' lang='lat'>³</span> <span class='ocrx_word' id='word_1_155' title='bbox 504 897 543 936; x_wconf 92' lang='lat' dir='ltr'>in</span> <span class='ocrx_word' id='word_1_156' title='bbox 561 895 707 950; x_wconf 86' lang='lat' dir='ltr'>quibus</span> <span class='ocrx_word' id='word_1_157' title='bbox 722 906 882 936; x_wconf 85' lang='lat' dir='ltr'>extenta</span> <span class='ocrx_word' id='word_1_158' title='bbox 895 908 1033 937; x_wconf 89' lang='lat' dir='ltr'>manus</span> <span class='ocrx_word' id='word_1_159' title='bbox 1048 895 1331 951; x_wconf 78' lang='lat' dir='ltr'>perferebatur,</span> <span class='ocrx_word' id='word_1_160' title='bbox 1346 897 1449 940; x_wconf 64' lang='lat' dir='ltr'>intra&gt;</span> <span class='ocrx_word' id='word_1_161' title='bbox 1464 900 1634 942; x_wconf 86' lang='lat' dir='ltr'>lauream</span> <span class='ocrx_word' id='word_1_162' title='bbox 1650 914 1835 941; x_wconf 87' lang='lat' dir='ltr'>coronam</span> <span class='ocrx_word' id='word_1_163' title='bbox 1850 902 1937 942; x_wconf 83' lang='lat' dir='ltr'>lon-</span> 
     </span>
    </p>

    <p class='ocr_par' dir='ltr' id='par_1_11' title="bbox 19 951 1938 1015">
     <span class='ocr_line' id='line_1_15' title="bbox 19 951 1938 1015; baseline 0.004 -22"><span class='ocrx_word' id='word_1_164' title='bbox 19 968 21 971; x_wconf 90' lang='lat'>·</span> <span class='ocrx_word' id='word_1_165' title='bbox 76 965 134 1007; x_wconf 86' lang='lat' dir='ltr'>gae</span> <span class='ocrx_word' id='word_1_166' title='bbox 154 953 264 996; x_wconf 87' lang='lat' dir='ltr'>hastae</span> <span class='ocrx_word' id='word_1_167' title='bbox 281 951 392 994; x_wconf 83' lang='lat' dir='ltr'>affixa</span> <span class='ocrx_word' id='word_1_168' title='bbox 404 979 416 997; x_wconf 83' lang='lat'>‚</span> <span class='ocrx_word' id='word_1_169' title='bbox 431 953 672 995; x_wconf 84' lang='lat' dir='ltr'>ornamentis</span> <span class='ocrx_word' id='word_1_170' title='bbox 685 951 919 1007; x_wconf 87' lang='lat' dir='ltr'>quibusdam</span> <span class='ocrx_word' id='word_1_171' title='bbox 934 953 1133 995; x_wconf 77' lang='lat' dir='ltr'>hincinde</span> <span class='ocrx_word' id='word_1_172' title='bbox 1148 956 1414 1010; x_wconf 88' lang='lat' dir='ltr'>pendentibus</span> <span class='ocrx_word' id='word_1_173' title='bbox 1427 983 1438 1003; x_wconf 69' lang='lat'>³</span> <span class='ocrx_word' id='word_1_174' title='bbox 1452 972 1539 1014; x_wconf 84' lang='lat' dir='ltr'>quae</span> <span class='ocrx_word' id='word_1_175' title='bbox 1554 961 1660 1014; x_wconf 91' lang='lat' dir='ltr'>pacis</span> <span class='ocrx_word' id='word_1_176' title='bbox 1680 971 1858 1015; x_wconf 87' lang='lat' dir='ltr'>tempore</span> <span class='ocrx_word' id='word_1_177' title='bbox 1870 961 1938 1000; x_wconf 63' lang='lat' dir='ltr'>in„-</span> 
     </span>
    </p>

    <p class='ocr_par' dir='ltr' id='par_1_12' title="bbox 19 1008 1468 1066">
     <span class='ocr_line' id='line_1_16' title="bbox 19 1008 1468 1066; baseline 0.006 -18"><span class='ocrx_word' id='word_1_178' title='bbox 19 1035 22 1048; x_wconf 57' lang='lat'>1</span> <span class='ocrx_word' id='word_1_179' title='bbox 74 1012 209 1052; x_wconf 77' lang='lat' dir='ltr'>:erario</span> <span class='ocrx_word' id='word_1_180' title='bbox 228 1008 518 1052; x_wconf 79' lang='lat' dir='ltr'>afferuabantur</span> <span class='ocrx_word' id='word_1_181' title='bbox 532 1037 543 1055; x_wconf 79' lang='lat'>,</span> <span class='ocrx_word' id='word_1_182' title='bbox 559 1014 597 1052; x_wconf 85' lang='lat'>&amp;</span> <span class='ocrx_word' id='word_1_183' title='bbox 609 1010 876 1064; x_wconf 72' lang='lat' dir='ltr'>belliger-amri</span> <span class='ocrx_word' id='word_1_184' title='bbox 893 1012 1128 1065; x_wconf 85' lang='lat' dir='ltr'>promebant</span> <span class='ocrx_word' id='word_1_185' title='bbox 1143 1038 1155 1057; x_wconf 79' lang='lat'>,</span> <span class='ocrx_word' id='word_1_186' title='bbox 1169 1026 1213 1054; x_wconf 91' lang='lat' dir='ltr'>vt</span> <span class='ocrx_word' id='word_1_187' title='bbox 1226 1015 1361 1055; x_wconf 88' lang='lat' dir='ltr'>Liuius</span> <span class='ocrx_word' id='word_1_188' title='bbox 1374 1017 1414 1055; x_wconf 92' lang='lat' dir='ltr'>in</span> <span class='ocrx_word' id='word_1_189' title='bbox 1430 1029 1468 1066; x_wconf 95' lang='lat'>7.</span> 
     </span>
    </p>

    <p class='ocr_par' dir='ltr' id='par_1_13' title="bbox 19 1068 1939 1180">
     <span class='ocr_line' id='line_1_17' title="bbox 19 1068 1936 1126; baseline 0.004 -17"><span class='ocrx_word' id='word_1_190' title='bbox 19 1081 76 1121; x_wconf 85' lang='lat'>-49</span> <span class='ocrx_word' id='word_1_191' title='bbox 106 1068 228 1123; x_wconf 84' lang='lat' dir='ltr'>Apud</span> <span class='ocrx_word' id='word_1_192' title='bbox 246 1069 446 1109; x_wconf 88' lang='lat' dir='ltr'>Romanos</span> <span class='ocrx_word' id='word_1_193' title='bbox 470 1069 567 1110; x_wconf 90' lang='lat' dir='ltr'>nihil</span> <span class='ocrx_word' id='word_1_194' title='bbox 586 1081 758 1122; x_wconf 85' lang='lat' dir='ltr'>vnquam</span> <span class='ocrx_word' id='word_1_195' title='bbox 775 1070 814 1108; x_wconf 90' lang='lat' dir='ltr'>in</span> <span class='ocrx_word' id='word_1_196' title='bbox 829 1069 940 1109; x_wconf 91' lang='lat' dir='ltr'>bello</span> <span class='ocrx_word' id='word_1_197' title='bbox 956 1071 1088 1124; x_wconf 81' lang='lat' dir='ltr'>aquila</span> <span class='ocrx_word' id='word_1_198' title='bbox 1101 1069 1346 1126; x_wconf 86' lang='lat' dir='ltr'>frequentius</span> <span class='ocrx_word' id='word_1_199' title='bbox 1361 1099 1372 1118; x_wconf 83' lang='lat'>,</span> <span class='ocrx_word' id='word_1_200' title='bbox 1389 1073 1621 1115; x_wconf 87' lang='lat' dir='ltr'>honoratius</span> <span class='ocrx_word' id='word_1_201' title='bbox 1635 1100 1646 1119; x_wconf 78' lang='lat'>‚</span> <span class='ocrx_word' id='word_1_202' title='bbox 1663 1087 1730 1116; x_wconf 85' lang='lat' dir='ltr'>aut</span> <span class='ocrx_word' id='word_1_203' title='bbox 1754 1075 1936 1118; x_wconf 79' lang='lat' dir='ltr'>sacratius</span> 
     </span>
     <span class='ocr_line' id='line_1_18' title="bbox 73 1125 1939 1180; baseline 0.005 -15"><span class='ocrx_word' id='word_1_204' title='bbox 73 1125 152 1168; x_wconf 88' lang='lat' dir='ltr'>fuit</span> <span class='ocrx_word' id='word_1_205' title='bbox 172 1127 291 1169; x_wconf 82' lang='lat' dir='ltr'>;itaut</span> <span class='ocrx_word' id='word_1_206' title='bbox 308 1128 484 1167; x_wconf 84' lang='lat' dir='ltr'>Romana</span> <span class='ocrx_word' id='word_1_207' title='bbox 499 1138 769 1180; x_wconf 83' lang='lat' dir='ltr'>cognomento</span> <span class='ocrx_word' id='word_1_208' title='bbox 782 1127 970 1180; x_wconf 82' lang='lat' dir='ltr'>appellari</span> <span class='ocrx_word' id='word_1_209' title='bbox 984 1129 1190 1173; x_wconf 74' lang='lat' dir='ltr'>meruerit,</span> <span class='ocrx_word' id='word_1_210' title='bbox 1203 1131 1314 1170; x_wconf 88' lang='lat' dir='ltr'>cuius</span> <span class='ocrx_word' id='word_1_211' title='bbox 1330 1131 1446 1171; x_wconf 66' lang='lat' dir='ltr'>ductu</span> <span class='ocrx_word' id='word_1_212' title='bbox 1466 1143 1594 1172; x_wconf 89' lang='lat' dir='ltr'>totum</span> <span class='ocrx_word' id='word_1_213' title='bbox 1607 1131 1689 1172; x_wconf 75' lang='lat' dir='ltr'>fere</span> <span class='ocrx_word' id='word_1_214' title='bbox 1704 1132 1939 1175; x_wconf 88' lang='lat' dir='ltr'>subiecerint</span> 
     </span>
    </p>

    <p class='ocr_par' dir='ltr' id='par_1_14' title="bbox 19 1182 1939 1244">
     <span class='ocr_line' id='line_1_19' title="bbox 19 1182 1939 1244; baseline 0.004 -19"><span class='ocrx_word' id='word_1_215' title='bbox 19 1213 21 1217; x_wconf 32' lang='grc' dir='ltr'><strong><em>ι</em></strong></span> <span class='ocrx_word' id='word_1_216' title='bbox 73 1184 226 1225; x_wconf 88' lang='lat' dir='ltr'>Orbem</span> <span class='ocrx_word' id='word_1_217' title='bbox 242 1213 253 1223; x_wconf 86' lang='lat'><strong>.</strong></span> <span class='ocrx_word' id='word_1_218' title='bbox 291 1186 372 1239; x_wconf 78' lang='lat' dir='ltr'>Q</span> <span class='ocrx_word' id='word_1_219' title='bbox 385 1185 556 1239; x_wconf 80' lang='lat' dir='ltr'>aquilam</span> <span class='ocrx_word' id='word_1_220' title='bbox 573 1182 729 1238; x_wconf 87' lang='lat' dir='ltr'>signifer</span> <span class='ocrx_word' id='word_1_221' title='bbox 741 1184 916 1239; x_wconf 84' lang='lat' dir='ltr'>gestabat</span> <span class='ocrx_word' id='word_1_222' title='bbox 927 1210 938 1229; x_wconf 85' lang='lat'>‚</span> <span class='ocrx_word' id='word_1_223' title='bbox 952 1184 1134 1240; x_wconf 82' lang='lat' dir='ltr'>aquilifer</span> <span class='ocrx_word' id='word_1_224' title='bbox 1148 1186 1373 1230; x_wconf 76' lang='lat' dir='ltr'>dicebatur3</span> <span class='ocrx_word' id='word_1_225' title='bbox 1392 1191 1431 1228; x_wconf 89' lang='lat'>&amp;</span> <span class='ocrx_word' id='word_1_226' title='bbox 1443 1188 1600 1242; x_wconf 85' lang='lat' dir='ltr'>singulis</span> <span class='ocrx_word' id='word_1_227' title='bbox 1616 1190 1838 1244; x_wconf 81' lang='lat' dir='ltr'>legionibus</span> <span class='ocrx_word' id='word_1_228' title='bbox 1853 1193 1939 1232; x_wconf 89' lang='lat' dir='ltr'>vni-</span> 
     </span>
    </p>

    <p class='ocr_par' dir='ltr' id='par_1_15' title="bbox 19 1240 1940 1358">
     <span class='ocr_line' id='line_1_20' title="bbox 19 1240 1934 1302; baseline 0.005 -23"><span class='ocrx_word' id='word_1_229' title='bbox 19 1270 21 1279; x_wconf 52' lang='lat'>2</span> <span class='ocrx_word' id='word_1_230' title='bbox 73 1255 119 1284; x_wconf 83' lang='lat' dir='ltr'>ca</span> <span class='ocrx_word' id='word_1_231' title='bbox 135 1242 338 1283; x_wconf 72' lang='lat' dir='ltr'>dumtaxat</span> <span class='ocrx_word' id='word_1_232' title='bbox 362 1243 493 1297; x_wconf 84' lang='lat' dir='ltr'>aquila</span> <span class='ocrx_word' id='word_1_233' title='bbox 510 1240 775 1296; x_wconf 63' lang='lat' dir='ltr'>preferebatur</span> <span class='ocrx_word' id='word_1_234' title='bbox 786 1255 900 1283; x_wconf 87' lang='lat' dir='ltr'>aurea</span> <span class='ocrx_word' id='word_1_235' title='bbox 914 1267 927 1286; x_wconf 62' lang='lat'><em>2</em></span> <span class='ocrx_word' id='word_1_236' title='bbox 943 1241 1093 1284; x_wconf 87' lang='lat' dir='ltr'>ferculo</span> <span class='ocrx_word' id='word_1_237' title='bbox 1107 1269 1119 1288; x_wconf 79' lang='lat'>‚</span> <span class='ocrx_word' id='word_1_238' title='bbox 1133 1242 1196 1285; x_wconf 92' lang='lat' dir='ltr'>seu</span> <span class='ocrx_word' id='word_1_239' title='bbox 1211 1244 1322 1286; x_wconf 75' lang='lat' dir='ltr'>hasta:</span> <span class='ocrx_word' id='word_1_240' title='bbox 1337 1245 1464 1299; x_wconf 76' lang='lat' dir='ltr'>longae</span> <span class='ocrx_word' id='word_1_241' title='bbox 1480 1245 1631 1299; x_wconf 79' lang='lat' dir='ltr'>praefixa</span> <span class='ocrx_word' id='word_1_242' title='bbox 1649 1263 1657 1290; x_wconf 88' lang='lat'>;</span> <span class='ocrx_word' id='word_1_243' title='bbox 1675 1250 1713 1287; x_wconf 87' lang='lat'>&amp;</span> <span class='ocrx_word' id='word_1_244' title='bbox 1738 1247 1820 1302; x_wconf 75' lang='lat' dir='ltr'>quo</span> <span class='ocrx_word' id='word_1_245' title='bbox 1836 1248 1934 1288; x_wconf 87' lang='lat' dir='ltr'>faci-</span> 
     </span>
     <span class='ocr_line' id='line_1_21' title="bbox 76 1297 1940 1358; baseline 0.003 -17"><span class='ocrx_word' id='word_1_246' title='bbox 76 1299 152 1343; x_wconf 68' lang='lat' dir='ltr'>litis</span> <span class='ocrx_word' id='word_1_247' title='bbox 164 1300 273 1341; x_wconf 85' lang='lat' dir='ltr'>humi</span> <span class='ocrx_word' id='word_1_248' title='bbox 290 1299 408 1353; x_wconf 83' lang='lat' dir='ltr'>defigi</span> <span class='ocrx_word' id='word_1_249' title='bbox 425 1298 607 1354; x_wconf 56' lang='lat' dir='ltr'>possetdn</span> <span class='ocrx_word' id='word_1_250' title='bbox 620 1312 774 1340; x_wconf 86' lang='lat' dir='ltr'>acutam</span> <span class='ocrx_word' id='word_1_251' title='bbox 791 1297 987 1354; x_wconf 86' lang='lat' dir='ltr'>cuspidem</span> <span class='ocrx_word' id='word_1_252' title='bbox 1001 1300 1202 1342; x_wconf 75' lang='lat' dir='ltr'>defluebat</span> <span class='ocrx_word' id='word_1_253' title='bbox 1216 1331 1225 1340; x_wconf 93' lang='lat'><strong><em>.</em></strong></span> <span class='ocrx_word' id='word_1_254' title='bbox 1257 1301 1499 1356; x_wconf 87' lang='lat' dir='ltr'>Argenteam</span> <span class='ocrx_word' id='word_1_255' title='bbox 1514 1304 1728 1358; x_wconf 86' lang='lat' dir='ltr'>aliquando</span> <span class='ocrx_word' id='word_1_256' title='bbox 1739 1304 1940 1350; x_wconf 68' lang='lat' dir='ltr'>fuiffe2Ci-</span> 
     </span>
    </p>

    <p class='ocr_par' dir='ltr' id='par_1_16' title="bbox 19 1357 1941 1473">
     <span class='ocr_line' id='line_1_22' title="bbox 19 1357 1939 1415; baseline 0.002 -16"><span class='ocrx_word' id='word_1_257' title='bbox 19 1379 21 1384; x_wconf 94' lang='lat'>·</span> <span class='ocrx_word' id='word_1_258' title='bbox 77 1371 172 1399; x_wconf 86' lang='lat' dir='ltr'>cero</span> <span class='ocrx_word' id='word_1_259' title='bbox 186 1359 310 1413; x_wconf 87' lang='lat' dir='ltr'>prima</span> <span class='ocrx_word' id='word_1_260' title='bbox 338 1359 375 1398; x_wconf 89' lang='lat' dir='ltr'>in</span> <span class='ocrx_word' id='word_1_261' title='bbox 399 1359 613 1399; x_wconf 79' lang='lat' dir='ltr'>Catilinam</span> <span class='ocrx_word' id='word_1_262' title='bbox 630 1357 798 1399; x_wconf 85' lang='lat' dir='ltr'>ostendit</span> <span class='ocrx_word' id='word_1_263' title='bbox 814 1386 824 1396; x_wconf 87' lang='lat'><strong>.</strong></span> <span class='ocrx_word' id='word_1_264' title='bbox 859 1359 1022 1399; x_wconf 85' lang='lat' dir='ltr'>Nouem</span> <span class='ocrx_word' id='word_1_265' title='bbox 1038 1371 1169 1399; x_wconf 88' lang='lat' dir='ltr'>autem</span> <span class='ocrx_word' id='word_1_266' title='bbox 1181 1360 1220 1399; x_wconf 89' lang='lat' dir='ltr'>in</span> <span class='ocrx_word' id='word_1_267' title='bbox 1236 1360 1394 1415; x_wconf 83' lang='lat' dir='ltr'>legione</span> <span class='ocrx_word' id='word_1_268' title='bbox 1407 1360 1579 1415; x_wconf 63' lang='lat' dir='ltr'>perfecta</span> <span class='ocrx_word' id='word_1_269' title='bbox 1595 1361 1700 1415; x_wconf 85' lang='lat' dir='ltr'>signa</span> <span class='ocrx_word' id='word_1_270' title='bbox 1724 1361 1910 1403; x_wconf 57' lang='lat' dir='ltr'>extitisse)</span> <span class='ocrx_word' id='word_1_271' title='bbox 1925 1389 1939 1407; x_wconf 90' lang='lat'>‚</span> 
     </span>
     <span class='ocr_line' id='line_1_23' title="bbox 76 1415 1941 1473; baseline 0.002 -16"><span class='ocrx_word' id='word_1_272' title='bbox 76 1428 181 1472; x_wconf 86' lang='lat' dir='ltr'>quot</span> <span class='ocrx_word' id='word_1_273' title='bbox 194 1416 380 1456; x_wconf 88' lang='lat' dir='ltr'>cohortes</span> <span class='ocrx_word' id='word_1_274' title='bbox 395 1416 583 1456; x_wconf 89' lang='lat' dir='ltr'>videlicet</span> <span class='ocrx_word' id='word_1_275' title='bbox 600 1442 611 1461; x_wconf 90' lang='lat'>,</span> <span class='ocrx_word' id='word_1_276' title='bbox 637 1415 816 1455; x_wconf 85' lang='lat' dir='ltr'>milliaria</span> <span class='ocrx_word' id='word_1_277' title='bbox 829 1441 842 1460; x_wconf 83' lang='grc'>,</span> <span class='ocrx_word' id='word_1_278' title='bbox 865 1429 951 1470; x_wconf 78' lang='lat' dir='ltr'>quae</span> <span class='ocrx_word' id='word_1_279' title='bbox 976 1416 1147 1471; x_wconf 84' lang='lat' dir='ltr'>aquilam</span> <span class='ocrx_word' id='word_1_280' title='bbox 1163 1416 1343 1464; x_wconf 69' lang='lat' dir='ltr'>ferebat,</span> <span class='ocrx_word' id='word_1_281' title='bbox 1354 1431 1516 1473; x_wconf 82' lang='lat' dir='ltr'>excepta</span> <span class='ocrx_word' id='word_1_282' title='bbox 1533 1444 1546 1463; x_wconf 79' lang='lat'>,</span> <span class='ocrx_word' id='word_1_283' title='bbox 1567 1419 1652 1459; x_wconf 91' lang='lat' dir='ltr'>Dio</span> <span class='ocrx_word' id='word_1_284' title='bbox 1666 1419 1814 1460; x_wconf 81' lang='lat' dir='ltr'>Cassius</span> <span class='ocrx_word' id='word_1_285' title='bbox 1829 1445 1840 1464; x_wconf 82' lang='grc'>,</span> <span class='ocrx_word' id='word_1_286' title='bbox 1859 1420 1941 1461; x_wconf 89' lang='lat' dir='ltr'>Pli-</span> 
     </span>
    </p>

    <p class='ocr_par' dir='ltr' id='par_1_17' title="bbox 19 1473 1940 1530">
     <span class='ocr_line' id='line_1_24' title="bbox 19 1473 1940 1530; baseline 0.002 -15"><span class='ocrx_word' id='word_1_287' title='bbox 19 1487 22 1508; x_wconf 87' lang='lat'>=</span> <span class='ocrx_word' id='word_1_288' title='bbox 77 1476 165 1516; x_wconf 87' lang='lat' dir='ltr'>nius</span> <span class='ocrx_word' id='word_1_289' title='bbox 185 1500 196 1519; x_wconf 76' lang='grc'>,</span> <span class='ocrx_word' id='word_1_290' title='bbox 213 1476 252 1515; x_wconf 86' lang='lat'>&amp;</span> <span class='ocrx_word' id='word_1_291' title='bbox 266 1475 459 1528; x_wconf 86' lang='lat' dir='ltr'>Vegetius</span> <span class='ocrx_word' id='word_1_292' title='bbox 476 1473 650 1515; x_wconf 88' lang='lat' dir='ltr'>docuere</span> <span class='ocrx_word' id='word_1_293' title='bbox 670 1502 680 1512; x_wconf 83' lang='lat'><strong>.</strong></span> <span class='ocrx_word' id='word_1_294' title='bbox 715 1474 902 1514; x_wconf 87' lang='lat' dir='ltr'>Romanis</span> <span class='ocrx_word' id='word_1_295' title='bbox 918 1474 1144 1529; x_wconf 85' lang='lat' dir='ltr'>legionibus</span> <span class='ocrx_word' id='word_1_296' title='bbox 1161 1475 1332 1530; x_wconf 89' lang='lat' dir='ltr'>aquilam</span> <span class='ocrx_word' id='word_1_297' title='bbox 1347 1478 1396 1518; x_wconf 90' lang='lat' dir='ltr'>C.</span> <span class='ocrx_word' id='word_1_298' title='bbox 1411 1477 1561 1517; x_wconf 89' lang='lat' dir='ltr'>Marius</span> <span class='ocrx_word' id='word_1_299' title='bbox 1575 1476 1746 1517; x_wconf 89' lang='lat' dir='ltr'>secundo</span> <span class='ocrx_word' id='word_1_300' title='bbox 1762 1476 1830 1517; x_wconf 90' lang='lat' dir='ltr'>suo</span> <span class='ocrx_word' id='word_1_301' title='bbox 1843 1490 1940 1518; x_wconf 81' lang='lat' dir='ltr'>con-</span> 
     </span>
    </p>

    <p class='ocr_par' dir='ltr' id='par_1_18' title="bbox 19 1531 1940 1590">
     <span class='ocr_line' id='line_1_25' title="bbox 19 1531 1940 1590; baseline 0.003 -21"><span class='ocrx_word' id='word_1_302' title='bbox 19 1556 22 1569; x_wconf 89' lang='lat'>.</span> <span class='ocrx_word' id='word_1_303' title='bbox 75 1531 203 1574; x_wconf 87' lang='lat' dir='ltr'>sulatu</span> <span class='ocrx_word' id='word_1_304' title='bbox 220 1531 379 1586; x_wconf 77' lang='lat' dir='ltr'>proprie</span> <span class='ocrx_word' id='word_1_305' title='bbox 396 1533 544 1573; x_wconf 86' lang='lat' dir='ltr'>dicauit</span> <span class='ocrx_word' id='word_1_306' title='bbox 560 1549 568 1571; x_wconf 88' lang='lat'>:</span> <span class='ocrx_word' id='word_1_307' title='bbox 589 1533 769 1588; x_wconf 87' lang='lat' dir='ltr'>quamuis</span> <span class='ocrx_word' id='word_1_308' title='bbox 795 1531 914 1573; x_wconf 87' lang='lat' dir='ltr'>Persae</span> <span class='ocrx_word' id='word_1_309' title='bbox 927 1531 1053 1573; x_wconf 76' lang='lat' dir='ltr'>multo</span> <span class='ocrx_word' id='word_1_310' title='bbox 1069 1546 1158 1573; x_wconf 88' lang='lat' dir='ltr'>ante</span> <span class='ocrx_word' id='word_1_311' title='bbox 1174 1534 1376 1574; x_wconf 89' lang='lat' dir='ltr'>Romanos</span> <span class='ocrx_word' id='word_1_312' title='bbox 1396 1548 1551 1575; x_wconf 83' lang='lat' dir='ltr'>auream</span> <span class='ocrx_word' id='word_1_313' title='bbox 1568 1534 1740 1590; x_wconf 83' lang='lat' dir='ltr'>aquilam</span> <span class='ocrx_word' id='word_1_314' title='bbox 1753 1561 1764 1580; x_wconf 67' lang='lat' dir='ltr'>a</span> <span class='ocrx_word' id='word_1_315' title='bbox 1790 1547 1940 1588; x_wconf 86' lang='lat' dir='ltr'>pennas</span> 
     </span>
    </p>

    <p class='ocr_par' dir='ltr' id='par_1_19' title="bbox 19 1590 1938 1647">
     <span class='ocr_line' id='line_1_26' title="bbox 19 1590 1938 1647; baseline 0.001 -15"><span class='ocrx_word' id='word_1_316' title='bbox 19 1610 22 1616; x_wconf 92' lang='lat'><em>·</em></span> <span class='ocrx_word' id='word_1_317' title='bbox 77 1590 305 1632; x_wconf 83' lang='lat' dir='ltr'>extendenti</span> <span class='ocrx_word' id='word_1_318' title='bbox 323 1590 501 1636; x_wconf 76' lang='lat' dir='ltr'>similem,</span> <span class='ocrx_word' id='word_1_319' title='bbox 522 1591 717 1632; x_wconf 84' lang='lat' dir='ltr'>sacrarunt</span> <span class='ocrx_word' id='word_1_320' title='bbox 732 1619 741 1629; x_wconf 92' lang='lat'><strong><em>.</em></strong></span> <span class='ocrx_word' id='word_1_321' title='bbox 767 1591 861 1632; x_wconf 88' lang='lat' dir='ltr'>Erat</span> <span class='ocrx_word' id='word_1_322' title='bbox 873 1594 910 1632; x_wconf 70' lang='grc' dir='ltr'>δε</span> <span class='ocrx_word' id='word_1_323' title='bbox 924 1591 1018 1631; x_wconf 87' lang='lat' dir='ltr'>olim</span> <span class='ocrx_word' id='word_1_324' title='bbox 1036 1591 1140 1645; x_wconf 88' lang='lat' dir='ltr'>apud</span> <span class='ocrx_word' id='word_1_325' title='bbox 1165 1592 1366 1632; x_wconf 87' lang='lat' dir='ltr'>Romanos</span> <span class='ocrx_word' id='word_1_326' title='bbox 1382 1593 1506 1646; x_wconf 88' lang='lat' dir='ltr'>prima</span> <span class='ocrx_word' id='word_1_327' title='bbox 1521 1606 1610 1631; x_wconf 88' lang='lat' dir='ltr'>cum</span> <span class='ocrx_word' id='word_1_328' title='bbox 1627 1605 1816 1647; x_wconf 86' lang='lat' dir='ltr'>quattuor</span> <span class='ocrx_word' id='word_1_329' title='bbox 1826 1592 1910 1643; x_wconf 82' lang='lat' dir='ltr'>alijs</span> <span class='ocrx_word' id='word_1_330' title='bbox 1924 1617 1938 1637; x_wconf 77' lang='lat'>‚</span> 
     </span>
    </p>

    <p class='ocr_par' dir='ltr' id='par_1_20' title="bbox 19 1648 1939 1704">
     <span class='ocr_line' id='line_1_27' title="bbox 19 1648 1939 1704; baseline 0.001 -15"><span class='ocrx_word' id='word_1_331' title='bbox 19 1666 22 1693; x_wconf 72' lang='lat'><em>5</em></span> <span class='ocrx_word' id='word_1_332' title='bbox 77 1648 161 1703; x_wconf 84' lang='lat' dir='ltr'>lupi</span> <span class='ocrx_word' id='word_1_333' title='bbox 177 1674 190 1693; x_wconf 68' lang='lat'>2</span> <span class='ocrx_word' id='word_1_334' title='bbox 204 1649 438 1693; x_wconf 78' lang='lat' dir='ltr'>minotauri,</span> <span class='ocrx_word' id='word_1_335' title='bbox 459 1649 553 1704; x_wconf 89' lang='lat' dir='ltr'>equi</span> <span class='ocrx_word' id='word_1_336' title='bbox 570 1675 581 1694; x_wconf 69' lang='lat' dir='ltr'>a</span> <span class='ocrx_word' id='word_1_337' title='bbox 598 1650 777 1704; x_wconf 80' lang='lat' dir='ltr'>aprique,</span> <span class='ocrx_word' id='word_1_338' title='bbox 789 1648 960 1704; x_wconf 84' lang='lat' dir='ltr'>singulos</span> <span class='ocrx_word' id='word_1_339' title='bbox 977 1649 1135 1689; x_wconf 87' lang='lat' dir='ltr'>ordines</span> <span class='ocrx_word' id='word_1_340' title='bbox 1147 1650 1322 1690; x_wconf 87' lang='lat' dir='ltr'>anteiens</span> <span class='ocrx_word' id='word_1_341' title='bbox 1338 1679 1348 1688; x_wconf 93' lang='lat'>.</span> <span class='ocrx_word' id='word_1_342' title='bbox 1389 1651 1528 1690; x_wconf 85' lang='lat' dir='ltr'>Paucis</span> <span class='ocrx_word' id='word_1_343' title='bbox 1550 1661 1642 1690; x_wconf 82' lang='lat' dir='ltr'>ante</span> <span class='ocrx_word' id='word_1_344' title='bbox 1656 1651 1765 1690; x_wconf 86' lang='lat' dir='ltr'>annis</span> <span class='ocrx_word' id='word_1_345' title='bbox 1779 1649 1939 1691; x_wconf 64' lang='lat' dir='ltr'>solam,</span> 
     </span>
    </p>

    <p class='ocr_par' dir='ltr' id='par_1_21' title="bbox 18 1706 1940 1762">
     <span class='ocr_line' id='line_1_28' title="bbox 18 1706 1940 1762; baseline 0.001 -15"><span class='ocrx_word' id='word_1_346' title='bbox 18 1724 22 1742; x_wconf 90' lang='grc'>.-</span> <span class='ocrx_word' id='word_1_347' title='bbox 75 1706 202 1747; x_wconf 85' lang='lat' dir='ltr'>aciem</span> <span class='ocrx_word' id='word_1_348' title='bbox 216 1708 363 1761; x_wconf 84' lang='lat' dir='ltr'>portari</span> <span class='ocrx_word' id='word_1_349' title='bbox 381 1719 513 1762; x_wconf 81' lang='lat' dir='ltr'>coepta</span> <span class='ocrx_word' id='word_1_350' title='bbox 525 1719 607 1747; x_wconf 85' lang='lat' dir='ltr'>erat</span> <span class='ocrx_word' id='word_1_351' title='bbox 623 1723 631 1745; x_wconf 78' lang='lat' dir='ltr'><em>z</em></span> <span class='ocrx_word' id='word_1_352' title='bbox 649 1707 801 1761; x_wconf 88' lang='lat' dir='ltr'>reliqua</span> <span class='ocrx_word' id='word_1_353' title='bbox 816 1709 853 1747; x_wconf 90' lang='lat' dir='ltr'>in</span> <span class='ocrx_word' id='word_1_354' title='bbox 881 1707 1009 1747; x_wconf 83' lang='lat' dir='ltr'>castris</span> <span class='ocrx_word' id='word_1_355' title='bbox 1026 1706 1348 1762; x_wconf 85' lang='lat' dir='ltr'>relinquebantur</span> <span class='ocrx_word' id='word_1_356' title='bbox 1364 1736 1374 1745; x_wconf 91' lang='lat'><strong>.</strong></span> <span class='ocrx_word' id='word_1_357' title='bbox 1407 1708 1556 1748; x_wconf 88' lang='lat' dir='ltr'>Marius</span> <span class='ocrx_word' id='word_1_358' title='bbox 1572 1708 1612 1748; x_wconf 91' lang='lat' dir='ltr'>in</span> <span class='ocrx_word' id='word_1_359' title='bbox 1626 1719 1755 1749; x_wconf 89' lang='lat' dir='ltr'>totum</span> <span class='ocrx_word' id='word_1_360' title='bbox 1766 1720 1811 1747; x_wconf 87' lang='lat' dir='ltr'>ea</span> <span class='ocrx_word' id='word_1_361' title='bbox 1827 1707 1940 1749; x_wconf 85' lang='lat' dir='ltr'>abdi·-</span> 
     </span>
    </p>

    <p class='ocr_par' dir='ltr' id='par_1_22' title="bbox 18 1763 1940 1820">
     <span class='ocr_line' id='line_1_29' title="bbox 18 1763 1940 1820; baseline 0 -14"><span class='ocrx_word' id='word_1_362' title='bbox 18 1779 22 1787; x_wconf 91' lang='lat'><em>·</em></span> <span class='ocrx_word' id='word_1_363' title='bbox 77 1765 184 1806; x_wconf 86' lang='lat' dir='ltr'>cauit</span> <span class='ocrx_word' id='word_1_364' title='bbox 197 1793 207 1803; x_wconf 90' lang='lat'><strong>.</strong></span> <span class='ocrx_word' id='word_1_365' title='bbox 243 1767 302 1805; x_wconf 85' lang='lat' dir='ltr'>Ex</span> <span class='ocrx_word' id='word_1_366' title='bbox 316 1778 365 1804; x_wconf 89' lang='lat' dir='ltr'>eo</span> <span class='ocrx_word' id='word_1_367' title='bbox 382 1777 562 1806; x_wconf 85' lang='lat' dir='ltr'>notatum</span> <span class='ocrx_word' id='word_1_368' title='bbox 579 1791 591 1810; x_wconf 86' lang='lat'>‚</span> <span class='ocrx_word' id='word_1_369' title='bbox 609 1778 687 1805; x_wconf 89' lang='lat' dir='ltr'>non</span> <span class='ocrx_word' id='word_1_370' title='bbox 710 1763 794 1805; x_wconf 74' lang='lat' dir='ltr'>fere</span> <span class='ocrx_word' id='word_1_371' title='bbox 814 1765 984 1820; x_wconf 85' lang='lat' dir='ltr'>legionis</span> <span class='ocrx_word' id='word_1_372' title='bbox 1002 1777 1173 1820; x_wconf 87' lang='lat' dir='ltr'>vnquam</span> <span class='ocrx_word' id='word_1_373' title='bbox 1200 1763 1429 1819; x_wconf 81' lang='lat' dir='ltr'>hybernaffe</span> <span class='ocrx_word' id='word_1_374' title='bbox 1443 1766 1582 1808; x_wconf 77' lang='lat' dir='ltr'>castra,</span> <span class='ocrx_word' id='word_1_375' title='bbox 1605 1764 1673 1806; x_wconf 85' lang='lat' dir='ltr'>vbi</span> <span class='ocrx_word' id='word_1_376' title='bbox 1689 1764 1940 1820; x_wconf 68' lang='lat' dir='ltr'>aquilarum-1</span> 
     </span>
    </p>

    <p class='ocr_par' dir='ltr' id='par_1_23' title="bbox 19 1821 1939 1879">
     <span class='ocr_line' id='line_1_30' title="bbox 19 1821 1939 1879; baseline 0 -16"><span class='ocrx_word' id='word_1_377' title='bbox 19 1837 22 1857; x_wconf 73' lang='grc' dir='ltr'><strong>τ</strong></span> <span class='ocrx_word' id='word_1_378' title='bbox 78 1835 159 1863; x_wconf 87' lang='lat' dir='ltr'>non</span> <span class='ocrx_word' id='word_1_379' title='bbox 176 1821 222 1863; x_wconf 87' lang='lat' dir='ltr'>sit</span> <span class='ocrx_word' id='word_1_380' title='bbox 235 1824 370 1877; x_wconf 87' lang='lat' dir='ltr'>iugum</span> <span class='ocrx_word' id='word_1_381' title='bbox 387 1852 397 1862; x_wconf 90' lang='lat'><strong>.</strong></span> <span class='ocrx_word' id='word_1_382' title='bbox 422 1825 511 1863; x_wconf 88' lang='lat' dir='ltr'>Vna</span> <span class='ocrx_word' id='word_1_383' title='bbox 522 1823 629 1877; x_wconf 82' lang='lat' dir='ltr'>legio</span> <span class='ocrx_word' id='word_1_384' title='bbox 640 1821 708 1863; x_wconf 91' lang='lat' dir='ltr'>sub</span> <span class='ocrx_word' id='word_1_385' title='bbox 723 1824 835 1864; x_wconf 88' lang='lat' dir='ltr'>vnius</span> <span class='ocrx_word' id='word_1_386' title='bbox 851 1824 990 1879; x_wconf 68' lang='lat' dir='ltr'>aquilae</span> <span class='ocrx_word' id='word_1_387' title='bbox 1003 1824 1125 1864; x_wconf 69' lang='lat' dir='ltr'>ductu</span> <span class='ocrx_word' id='word_1_388' title='bbox 1136 1822 1273 1862; x_wconf 89' lang='lat' dir='ltr'>decem</span> <span class='ocrx_word' id='word_1_389' title='bbox 1290 1824 1490 1868; x_wconf 83' lang='lat' dir='ltr'>cohortes,</span> <span class='ocrx_word' id='word_1_390' title='bbox 1504 1836 1546 1864; x_wconf 89' lang='lat' dir='ltr'>vt</span> <span class='ocrx_word' id='word_1_391' title='bbox 1557 1823 1743 1867; x_wconf 83' lang='lat' dir='ltr'>diximus,</span> <span class='ocrx_word' id='word_1_392' title='bbox 1758 1824 1939 1864; x_wconf 86' lang='lat' dir='ltr'>contine-</span> 
     </span>
    </p>

    <p class='ocr_par' dir='ltr' id='par_1_24' title="bbox 19 1878 1936 1937">
     <span class='ocr_line' id='line_1_31' title="bbox 19 1878 1936 1937; baseline -0.001 -15"><span class='ocrx_word' id='word_1_393' title='bbox 19 1884 23 1908; x_wconf 58' lang='grc' dir='ltr'><strong>ἱ</strong></span> <span class='ocrx_word' id='word_1_394' title='bbox 76 1878 147 1922; x_wconf 89' lang='lat' dir='ltr'>bat</span> <span class='ocrx_word' id='word_1_395' title='bbox 170 1909 181 1919; x_wconf 91' lang='lat'><strong>.</strong></span> <span class='ocrx_word' id='word_1_396' title='bbox 216 1882 316 1936; x_wconf 74' lang='lat' dir='ltr'>Qae</span> <span class='ocrx_word' id='word_1_397' title='bbox 332 1879 357 1920; x_wconf 84' lang='lat' dir='ltr'>si</span> <span class='ocrx_word' id='word_1_398' title='bbox 377 1879 546 1936; x_wconf 68' lang='lat' dir='ltr'>perfet‘ta</span> <span class='ocrx_word' id='word_1_399' title='bbox 563 1881 713 1927; x_wconf 85' lang='lat' dir='ltr'>existit,</span> <span class='ocrx_word' id='word_1_400' title='bbox 744 1882 896 1936; x_wconf 86' lang='lat' dir='ltr'>pedites</span> <span class='ocrx_word' id='word_1_401' title='bbox 923 1882 1044 1923; x_wconf 84' lang='lat' dir='ltr'>habet</span> <span class='ocrx_word' id='word_1_402' title='bbox 1058 1879 1119 1921; x_wconf 89' lang='lat' dir='ltr'>sex</span> <span class='ocrx_word' id='word_1_403' title='bbox 1131 1880 1252 1921; x_wconf 86' lang='lat' dir='ltr'>millia</span> <span class='ocrx_word' id='word_1_404' title='bbox 1265 1892 1446 1925; x_wconf 77' lang='lat' dir='ltr'>centurn,</span> <span class='ocrx_word' id='word_1_405' title='bbox 1474 1882 1628 1937; x_wconf 88' lang='lat' dir='ltr'>equites</span> <span class='ocrx_word' id='word_1_406' title='bbox 1647 1879 1850 1922; x_wconf 86' lang='lat' dir='ltr'>sexcentos</span> <span class='ocrx_word' id='word_1_407' title='bbox 1876 1881 1936 1921; x_wconf 89' lang='lat' dir='ltr'>vi-</span> 
     </span>
    </p>

    <p class='ocr_par' dir='ltr' id='par_1_25' title="bbox 19 1935 1938 1992">
     <span class='ocr_line' id='line_1_32' title="bbox 19 1935 1938 1992; baseline 0 -15"><span class='ocrx_word' id='word_1_408' title='bbox 19 1957 22 1967; x_wconf 95' lang='lat'>·</span> <span class='ocrx_word' id='word_1_409' title='bbox 76 1938 177 1992; x_wconf 84' lang='lat' dir='ltr'>ginti</span> <span class='ocrx_word' id='word_1_410' title='bbox 191 1935 253 1978; x_wconf 85' lang='lat' dir='ltr'>sex</span> <span class='ocrx_word' id='word_1_411' title='bbox 269 1967 278 1977; x_wconf 85' lang='lat'><strong>.</strong></span> <span class='ocrx_word' id='word_1_412' title='bbox 306 1939 442 1979; x_wconf 88' lang='lat' dir='ltr'>Minor</span> <span class='ocrx_word' id='word_1_413' title='bbox 457 1952 640 1980; x_wconf 84' lang='lat' dir='ltr'>numerus</span> <span class='ocrx_word' id='word_1_414' title='bbox 654 1939 729 1980; x_wconf 76' lang='lat' dir='ltr'>esse</span> <span class='ocrx_word' id='word_1_415' title='bbox 746 1953 824 1980; x_wconf 88' lang='lat' dir='ltr'>non</span> <span class='ocrx_word' id='word_1_416' title='bbox 843 1939 988 1984; x_wconf 83' lang='lat' dir='ltr'>debet,</span> <span class='ocrx_word' id='word_1_417' title='bbox 1005 1940 1132 1979; x_wconf 86' lang='lat' dir='ltr'>maior</span> <span class='ocrx_word' id='word_1_418' title='bbox 1146 1939 1343 1979; x_wconf 88' lang='lat' dir='ltr'>interdum</span> <span class='ocrx_word' id='word_1_419' title='bbox 1358 1937 1434 1979; x_wconf 80' lang='lat' dir='ltr'>esse</span> <span class='ocrx_word' id='word_1_420' title='bbox 1449 1939 1654 1979; x_wconf 88' lang='lat' dir='ltr'>consueuit</span> <span class='ocrx_word' id='word_1_421' title='bbox 1668 1967 1677 1977; x_wconf 85' lang='lat'><strong>.</strong></span> <span class='ocrx_word' id='word_1_422' title='bbox 1701 1939 1874 1978; x_wconf 87' lang='lat' dir='ltr'>Grauem</span> <span class='ocrx_word' id='word_1_423' title='bbox 1892 1951 1938 1977; x_wconf 90' lang='lat' dir='ltr'>ca</span> 
     </span>
    </p>

    <p class='ocr_par' dir='ltr' id='par_1_26' title="bbox 19 1995 1940 2052">
     <span class='ocr_line' id='line_1_33' title="bbox 19 1995 1940 2052; baseline -0.001 -15"><span class='ocrx_word' id='word_1_424' title='bbox 19 2024 21 2026; x_wconf 95' lang='lat'>-</span> <span class='ocrx_word' id='word_1_425' title='bbox 77 2008 313 2037; x_wconf 84' lang='lat' dir='ltr'>armaturam</span> <span class='ocrx_word' id='word_1_426' title='bbox 329 2021 340 2040; x_wconf 80' lang='lat'>‚</span> <span class='ocrx_word' id='word_1_427' title='bbox 355 1997 432 2037; x_wconf 89' lang='lat' dir='ltr'>hoc</span> <span class='ocrx_word' id='word_1_428' title='bbox 446 1998 499 2037; x_wconf 89' lang='lat' dir='ltr'>est</span> <span class='ocrx_word' id='word_1_429' title='bbox 514 1998 725 2051; x_wconf 75' lang='lat' dir='ltr'>principes,</span> <span class='ocrx_word' id='word_1_430' title='bbox 743 1998 926 2042; x_wconf 79' lang='lat' dir='ltr'>hastatos,</span> <span class='ocrx_word' id='word_1_431' title='bbox 944 1995 1402 2052; x_wconf 62' lang='lat' dir='ltr'>triarios2antesignanos</span> <span class='ocrx_word' id='word_1_432' title='bbox 1414 2011 1423 2039; x_wconf 76' lang='lat'><em>3</em></span> <span class='ocrx_word' id='word_1_433' title='bbox 1437 1999 1531 2036; x_wconf 89' lang='lat' dir='ltr'>item</span> <span class='ocrx_word' id='word_1_434' title='bbox 1543 1996 1672 2036; x_wconf 88' lang='lat' dir='ltr'>leuem</span> <span class='ocrx_word' id='word_1_435' title='bbox 1690 2007 1940 2040; x_wconf 83' lang='lat' dir='ltr'>armaturam,</span> 
     </span>
    </p>

    <p class='ocr_par' dir='ltr' id='par_1_27' title="bbox 19 2052 1938 2108">
     <span class='ocr_line' id='line_1_34' title="bbox 19 2052 1938 2108; baseline -0.001 -15"><span class='ocrx_word' id='word_1_436' title='bbox 19 2067 22 2074; x_wconf 88' lang='lat'>·</span> <span class='ocrx_word' id='word_1_437' title='bbox 81 2053 161 2093; x_wconf 92' lang='lat' dir='ltr'>hoc</span> <span class='ocrx_word' id='word_1_438' title='bbox 176 2053 229 2094; x_wconf 87' lang='lat' dir='ltr'>est</span> <span class='ocrx_word' id='word_1_439' title='bbox 240 2052 473 2095; x_wconf 85' lang='lat' dir='ltr'>ferentarios</span> <span class='ocrx_word' id='word_1_440' title='bbox 485 2080 498 2099; x_wconf 62' lang='lat' dir='ltr'>a</span> <span class='ocrx_word' id='word_1_441' title='bbox 514 2054 732 2108; x_wconf 84' lang='lat' dir='ltr'>sagittarios</span> <span class='ocrx_word' id='word_1_442' title='bbox 745 2082 756 2100; x_wconf 82' lang='lat'>,</span> <span class='ocrx_word' id='word_1_443' title='bbox 773 2054 995 2096; x_wconf 88' lang='lat' dir='ltr'>funditores</span> <span class='ocrx_word' id='word_1_444' title='bbox 1009 2080 1021 2099; x_wconf 80' lang='lat'>‚</span> <span class='ocrx_word' id='word_1_445' title='bbox 1038 2054 1254 2095; x_wconf 84' lang='lat' dir='ltr'>balistarios</span> <span class='ocrx_word' id='word_1_446' title='bbox 1270 2080 1281 2099; x_wconf 84' lang='grc'>,</span> <span class='ocrx_word' id='word_1_447' title='bbox 1297 2054 1526 2094; x_wconf 88' lang='lat' dir='ltr'>continebat</span> <span class='ocrx_word' id='word_1_448' title='bbox 1540 2083 1549 2092; x_wconf 94' lang='lat'><strong>.</strong></span> <span class='ocrx_word' id='word_1_449' title='bbox 1589 2055 1784 2094; x_wconf 90' lang='lat' dir='ltr'>Recentes</span> <span class='ocrx_word' id='word_1_450' title='bbox 1797 2055 1868 2107; x_wconf 76' lang='lat' dir='ltr'>qni</span> <span class='ocrx_word' id='word_1_451' title='bbox 1879 2053 1938 2092; x_wconf 87' lang='lat' dir='ltr'>al-</span> 
     </span>
    </p>

    <p class='ocr_par' dir='ltr' id='par_1_28' title="bbox 19 2109 1940 2167">
     <span class='ocr_line' id='line_1_35' title="bbox 19 2109 1940 2167; baseline 0.001 -17"><span class='ocrx_word' id='word_1_452' title='bbox 19 2125 23 2130; x_wconf 78' lang='grc'>’</span> <span class='ocrx_word' id='word_1_453' title='bbox 77 2110 313 2165; x_wconf 85' lang='lat' dir='ltr'>legebantur</span> <span class='ocrx_word' id='word_1_454' title='bbox 328 2112 471 2153; x_wconf 89' lang='lat' dir='ltr'>milites</span> <span class='ocrx_word' id='word_1_455' title='bbox 485 2138 495 2157; x_wconf 81' lang='lat'>‚</span> <span class='ocrx_word' id='word_1_456' title='bbox 518 2115 717 2167; x_wconf 66' lang='lat' dir='ltr'>pundhiris</span> <span class='ocrx_word' id='word_1_457' title='bbox 735 2115 772 2154; x_wconf 91' lang='lat' dir='ltr'>in</span> <span class='ocrx_word' id='word_1_458' title='bbox 787 2126 878 2153; x_wconf 89' lang='lat' dir='ltr'>cute</span> <span class='ocrx_word' id='word_1_459' title='bbox 893 2114 1004 2167; x_wconf 60' lang='lat' dir='ltr'>pictis</span> <span class='ocrx_word' id='word_1_460' title='bbox 1016 2112 1142 2166; x_wconf 89' lang='lat' dir='ltr'>scripti</span> <span class='ocrx_word' id='word_1_461' title='bbox 1157 2138 1168 2155; x_wconf 78' lang='lat'>,</span> <span class='ocrx_word' id='word_1_462' title='bbox 1184 2115 1222 2152; x_wconf 69' lang='grc' dir='ltr'>δε</span> <span class='ocrx_word' id='word_1_463' title='bbox 1236 2113 1448 2152; x_wconf 86' lang='lat' dir='ltr'>matriculis</span> <span class='ocrx_word' id='word_1_464' title='bbox 1463 2110 1607 2153; x_wconf 69' lang='lat' dir='ltr'>inserti,</span> <span class='ocrx_word' id='word_1_465' title='bbox 1620 2112 1744 2152; x_wconf 82' lang='lat' dir='ltr'>iurare</span> <span class='ocrx_word' id='word_1_466' title='bbox 1760 2109 1940 2151; x_wconf 86' lang='lat' dir='ltr'>solebant</span> 
     </span>
    </p>

    <p class='ocr_par' dir='ltr' id='par_1_29' title="bbox 19 2167 1936 2225">
     <span class='ocr_line' id='line_1_36' title="bbox 19 2167 1936 2225; baseline -0.001 -17"><span class='ocrx_word' id='word_1_467' title='bbox 19 2185 23 2193; x_wconf 71' lang='grc'>’</span> <span class='ocrx_word' id='word_1_468' title='bbox 79 2182 151 2222; x_wconf 86' lang='lat' dir='ltr'>per</span> <span class='ocrx_word' id='word_1_469' title='bbox 164 2170 400 2210; x_wconf 84' lang='lat' dir='ltr'>maiestatem</span> <span class='ocrx_word' id='word_1_470' title='bbox 424 2172 720 2224; x_wconf 75' lang='lat' dir='ltr'>imperatoriam</span> <span class='ocrx_word' id='word_1_471' title='bbox 734 2198 746 2216; x_wconf 83' lang='grc'>,</span> <span class='ocrx_word' id='word_1_472' title='bbox 770 2171 1023 2225; x_wconf 87' lang='lat' dir='ltr'>postmodum</span> <span class='ocrx_word' id='word_1_473' title='bbox 1040 2170 1259 2211; x_wconf 86' lang='lat' dir='ltr'>Christiana</span> <span class='ocrx_word' id='word_1_474' title='bbox 1275 2169 1484 2223; x_wconf 84' lang='lat' dir='ltr'>Religione</span> <span class='ocrx_word' id='word_1_475' title='bbox 1498 2167 1772 2223; x_wconf 81' lang='lat' dir='ltr'>suscepta,per</span> <span class='ocrx_word' id='word_1_476' title='bbox 1789 2167 1936 2212; x_wconf 86' lang='lat' dir='ltr'>Deum,</span> 
     </span>
    </p>

    <p class='ocr_par' dir='ltr' id='par_1_30' title="bbox 19 2224 1937 2341">
     <span class='ocr_line' id='line_1_37' title="bbox 19 2224 1937 2282; baseline -0.002 -14"><span class='ocrx_word' id='word_1_477' title='bbox 19 2234 21 2237; x_wconf 86' lang='lat'>&#39;</span> <span class='ocrx_word' id='word_1_478' title='bbox 77 2226 296 2272; x_wconf 76' lang='lat' dir='ltr'>Christum,</span> <span class='ocrx_word' id='word_1_479' title='bbox 307 2231 346 2268; x_wconf 66' lang='grc' dir='ltr'>δε</span> <span class='ocrx_word' id='word_1_480' title='bbox 361 2229 548 2282; x_wconf 87' lang='lat' dir='ltr'>Spiritum</span> <span class='ocrx_word' id='word_1_481' title='bbox 561 2229 743 2270; x_wconf 66' lang='lat' dir='ltr'>Sanctum</span> <span class='ocrx_word' id='word_1_482' title='bbox 761 2255 772 2273; x_wconf 60' lang='lat'>2</span> <span class='ocrx_word' id='word_1_483' title='bbox 784 2232 821 2270; x_wconf 83' lang='lat'>&amp;</span> <span class='ocrx_word' id='word_1_484' title='bbox 836 2227 998 2270; x_wconf 78' lang='lat' dir='ltr'>Caesaris</span> <span class='ocrx_word' id='word_1_485' title='bbox 1012 2240 1170 2272; x_wconf 76' lang='lat' dir='ltr'>nomen,</span> <span class='ocrx_word' id='word_1_486' title='bbox 1188 2227 1385 2270; x_wconf 80' lang='lat' dir='ltr'>iurabant3</span> <span class='ocrx_word' id='word_1_487' title='bbox 1403 2230 1441 2269; x_wconf 75' lang='grc' dir='ltr'>δε</span> <span class='ocrx_word' id='word_1_488' title='bbox 1457 2227 1550 2268; x_wconf 88' lang='lat' dir='ltr'>ideo</span> <span class='ocrx_word' id='word_1_489' title='bbox 1561 2226 1707 2266; x_wconf 88' lang='lat' dir='ltr'>militiae</span> <span class='ocrx_word' id='word_1_490' title='bbox 1720 2224 1937 2266; x_wconf 70' lang='lat' dir='ltr'>sacramen-</span> 
     </span>
     <span class='ocr_line' id='line_1_38' title="bbox 86 2284 1084 2341; baseline -0.001 -17"><span class='ocrx_word' id='word_1_491' title='bbox 86 2296 126 2325; x_wconf 81' lang='lat' dir='ltr'>ta</span> <span class='ocrx_word' id='word_1_492' title='bbox 136 2285 372 2325; x_wconf 83' lang='lat' dir='ltr'>dicebantur</span> <span class='ocrx_word' id='word_1_493' title='bbox 389 2315 398 2324; x_wconf 94' lang='lat'><strong>.</strong></span> <span class='ocrx_word' id='word_1_494' title='bbox 423 2288 516 2326; x_wconf 85' lang='lat' dir='ltr'>Haec</span> <span class='ocrx_word' id='word_1_495' title='bbox 529 2285 579 2326; x_wconf 89' lang='lat' dir='ltr'>de</span> <span class='ocrx_word' id='word_1_496' title='bbox 593 2287 725 2341; x_wconf 89' lang='lat' dir='ltr'>aquila</span> <span class='ocrx_word' id='word_1_497' title='bbox 743 2290 781 2328; x_wconf 86' lang='lat'>&amp;</span> <span class='ocrx_word' id='word_1_498' title='bbox 798 2288 957 2340; x_wconf 87' lang='lat' dir='ltr'>legione</span> <span class='ocrx_word' id='word_1_499' title='bbox 970 2284 1059 2326; x_wconf 82' lang='lat' dir='ltr'>satis</span> <span class='ocrx_word' id='word_1_500' title='bbox 1075 2314 1084 2323; x_wconf 88' lang='lat'><strong>.</strong></span> 
     </span>
    </p>

    <p class='ocr_par' dir='ltr' id='par_1_31' title="bbox 27 2341 1939 2570">
     <span class='ocr_line' id='line_1_39' title="bbox 27 2341 1937 2398; baseline -0.001 -15"><span class='ocrx_word' id='word_1_501' title='bbox 27 2351 78 2389; x_wconf 77' lang='lat'>50</span> <span class='ocrx_word' id='word_1_502' title='bbox 107 2343 148 2383; x_wconf 87' lang='lat' dir='ltr'>Si</span> <span class='ocrx_word' id='word_1_503' title='bbox 153 2341 295 2396; x_wconf 70' lang='lat' dir='ltr'>gnifer,</span> <span class='ocrx_word' id='word_1_504' title='bbox 305 2344 549 2397; x_wconf 87' lang='lat' dir='ltr'>manipulum</span> <span class='ocrx_word' id='word_1_505' title='bbox 561 2345 623 2385; x_wconf 86' lang='lat' dir='ltr'>vel</span> <span class='ocrx_word' id='word_1_506' title='bbox 638 2344 742 2384; x_wconf 88' lang='lat' dir='ltr'>aliud</span> <span class='ocrx_word' id='word_1_507' title='bbox 759 2344 963 2398; x_wconf 86' lang='lat' dir='ltr'>quidpiam</span> <span class='ocrx_word' id='word_1_508' title='bbox 977 2358 1047 2398; x_wconf 86' lang='lat' dir='ltr'>pro</span> <span class='ocrx_word' id='word_1_509' title='bbox 1060 2342 1169 2396; x_wconf 89' lang='lat' dir='ltr'>signo</span> <span class='ocrx_word' id='word_1_510' title='bbox 1185 2344 1335 2396; x_wconf 87' lang='lat' dir='ltr'>gestans</span> <span class='ocrx_word' id='word_1_511' title='bbox 1345 2369 1357 2388; x_wconf 82' lang='lat'>‚</span> <span class='ocrx_word' id='word_1_512' title='bbox 1374 2342 1439 2383; x_wconf 77' lang='lat' dir='ltr'>nisi</span> <span class='ocrx_word' id='word_1_513' title='bbox 1451 2341 1553 2383; x_wconf 77' lang='lat' dir='ltr'>forte</span> <span class='ocrx_word' id='word_1_514' title='bbox 1567 2341 1715 2382; x_wconf 89' lang='lat' dir='ltr'>laterna</span> <span class='ocrx_word' id='word_1_515' title='bbox 1732 2351 1814 2381; x_wconf 87' lang='lat' dir='ltr'>erat</span> <span class='ocrx_word' id='word_1_516' title='bbox 1824 2365 1837 2384; x_wconf 64' lang='lat'>2</span> <span class='ocrx_word' id='word_1_517' title='bbox 1851 2353 1937 2394; x_wconf 81' lang='lat' dir='ltr'>quae</span> 
     </span>
     <span class='ocr_line' id='line_1_40' title="bbox 79 2400 1938 2455; baseline -0.002 -15"><span class='ocrx_word' id='word_1_518' title='bbox 79 2404 199 2440; x_wconf 67' lang='lat' dir='ltr'>noctu</span> <span class='ocrx_word' id='word_1_519' title='bbox 218 2402 291 2440; x_wconf 87' lang='lat' dir='ltr'>iter</span> <span class='ocrx_word' id='word_1_520' title='bbox 307 2400 520 2454; x_wconf 85' lang='lat' dir='ltr'>agentibus</span> <span class='ocrx_word' id='word_1_521' title='bbox 533 2401 723 2442; x_wconf 86' lang='lat' dir='ltr'>militibus</span> <span class='ocrx_word' id='word_1_522' title='bbox 744 2403 847 2442; x_wconf 88' lang='lat' dir='ltr'>viam</span> <span class='ocrx_word' id='word_1_523' title='bbox 865 2401 1091 2444; x_wconf 81' lang='lat' dir='ltr'>illustraret,</span> <span class='ocrx_word' id='word_1_524' title='bbox 1111 2414 1229 2455; x_wconf 83' lang='lat' dir='ltr'>quam</span> <span class='ocrx_word' id='word_1_525' title='bbox 1256 2401 1382 2442; x_wconf 78' lang='lat' dir='ltr'>caeteri</span> <span class='ocrx_word' id='word_1_526' title='bbox 1399 2400 1674 2455; x_wconf 87' lang='lat' dir='ltr'>sequerentur.</span> <span class='ocrx_word' id='word_1_527' title='bbox 1704 2400 1792 2438; x_wconf 87' lang='lat' dir='ltr'>Fuit</span> <span class='ocrx_word' id='word_1_528' title='bbox 1805 2408 1938 2438; x_wconf 80' lang='lat' dir='ltr'>autem</span> 
     </span>
     <span class='ocr_line' id='line_1_41' title="bbox 80 2454 1939 2512; baseline -0.002 -15"><span class='ocrx_word' id='word_1_529' title='bbox 80 2458 318 2512; x_wconf 69' lang='lat' dir='ltr'>manipulus,</span> <span class='ocrx_word' id='word_1_530' title='bbox 335 2460 451 2498; x_wconf 85' lang='lat' dir='ltr'>trium</span> <span class='ocrx_word' id='word_1_531' title='bbox 469 2459 833 2505; x_wconf 87' lang='lat' dir='ltr'>contuberniorum‚</span> <span class='ocrx_word' id='word_1_532' title='bbox 850 2458 946 2500; x_wconf 88' lang='lat' dir='ltr'>idest</span> <span class='ocrx_word' id='word_1_533' title='bbox 962 2473 1030 2511; x_wconf 85' lang='lat'>30.</span> <span class='ocrx_word' id='word_1_534' title='bbox 1043 2460 1228 2503; x_wconf 72' lang='lat' dir='ltr'>militum,</span> <span class='ocrx_word' id='word_1_535' title='bbox 1242 2458 1407 2511; x_wconf 81' lang='lat' dir='ltr'>signum,</span> <span class='ocrx_word' id='word_1_536' title='bbox 1423 2457 1518 2499; x_wconf 85' lang='lat' dir='ltr'>ficut</span> <span class='ocrx_word' id='word_1_537' title='bbox 1530 2455 1742 2498; x_wconf 83' lang='lat' dir='ltr'>concordia</span> <span class='ocrx_word' id='word_1_538' title='bbox 1757 2454 1912 2495; x_wconf 82' lang='lat' dir='ltr'>cohorti</span> <span class='ocrx_word' id='word_1_539' title='bbox 1926 2479 1939 2499; x_wconf 81' lang='lat'>,</span> 
     </span>
     <span class='ocr_line' id='line_1_42' title="bbox 82 2515 656 2570; baseline -0.002 -14"><span class='ocrx_word' id='word_1_540' title='bbox 82 2516 217 2570; x_wconf 87' lang='lat' dir='ltr'>aquila</span> <span class='ocrx_word' id='word_1_541' title='bbox 229 2515 378 2568; x_wconf 88' lang='lat' dir='ltr'>legioni</span> <span class='ocrx_word' id='word_1_542' title='bbox 390 2542 401 2560; x_wconf 85' lang='lat'>‚</span> <span class='ocrx_word' id='word_1_543' title='bbox 428 2517 628 2570; x_wconf 87' lang='lat' dir='ltr'>proprium</span> <span class='ocrx_word' id='word_1_544' title='bbox 646 2546 656 2555; x_wconf 91' lang='lat'><strong>.</strong></span> 
     </span>
    </p>

    <p class='ocr_par' dir='ltr' id='par_1_32' title="bbox 21 2568 1941 2630">
     <span class='ocr_line' id='line_1_43' title="bbox 21 2568 1941 2630; baseline -0.001 -20"><span class='ocrx_word' id='word_1_545' title='bbox 21 2581 46 2619; x_wconf 77' lang='lat'>²5</span> <span class='ocrx_word' id='word_1_546' title='bbox 62 2584 75 2610; x_wconf 95' lang='lat'>1</span> <span class='ocrx_word' id='word_1_547' title='bbox 110 2571 317 2613; x_wconf 63' lang='lat' dir='ltr'>Praefectus</span> <span class='ocrx_word' id='word_1_548' title='bbox 333 2575 600 2618; x_wconf 70' lang='lat' dir='ltr'>Proetori02ve1</span> <span class='ocrx_word' id='word_1_549' title='bbox 617 2574 816 2616; x_wconf 89' lang='lat' dir='ltr'>Tribunus</span> <span class='ocrx_word' id='word_1_550' title='bbox 831 2575 975 2630; x_wconf 87' lang='lat' dir='ltr'>aliquis</span> <span class='ocrx_word' id='word_1_551' title='bbox 991 2574 1214 2616; x_wconf 85' lang='lat' dir='ltr'>thoracatus</span> <span class='ocrx_word' id='word_1_552' title='bbox 1232 2587 1319 2614; x_wconf 88' lang='lat' dir='ltr'>cum</span> <span class='ocrx_word' id='word_1_553' title='bbox 1336 2573 1617 2628; x_wconf 87' lang='lat' dir='ltr'>paludamento</span> <span class='ocrx_word' id='word_1_554' title='bbox 1629 2568 1837 2626; x_wconf 71' lang='lat' dir='ltr'>profusiori</span> <span class='ocrx_word' id='word_1_555' title='bbox 1852 2568 1941 2610; x_wconf 86' lang='lat' dir='ltr'>lati-</span> 
     </span>
    </p>

    <p class='ocr_par' dir='ltr' id='par_1_33' title="bbox 20 2625 1944 2687">
     <span class='ocr_line' id='line_1_44' title="bbox 20 2625 1944 2687; baseline -0.003 -17"><span class='ocrx_word' id='word_1_556' title='bbox 20 2625 24 2647; x_wconf 87' lang='lat'><strong>¹</strong></span> <span class='ocrx_word' id='word_1_557' title='bbox 82 2630 214 2670; x_wconf 88' lang='lat' dir='ltr'>clauio</span> <span class='ocrx_word' id='word_1_558' title='bbox 229 2656 241 2675; x_wconf 68' lang='lat'>2</span> <span class='ocrx_word' id='word_1_559' title='bbox 263 2629 400 2671; x_wconf 87' lang='lat' dir='ltr'>balteo</span> <span class='ocrx_word' id='word_1_560' title='bbox 427 2630 449 2672; x_wconf 70' lang='lat' dir='ltr'>a</span> <span class='ocrx_word' id='word_1_561' title='bbox 465 2645 548 2686; x_wconf 90' lang='lat' dir='ltr'>quo</span> <span class='ocrx_word' id='word_1_562' title='bbox 567 2632 663 2672; x_wconf 82' lang='lat' dir='ltr'>ensis</span> <span class='ocrx_word' id='word_1_563' title='bbox 677 2634 823 2687; x_wconf 85' lang='lat' dir='ltr'>pendet</span> <span class='ocrx_word' id='word_1_564' title='bbox 839 2659 850 2678; x_wconf 83' lang='grc'>,</span> <span class='ocrx_word' id='word_1_565' title='bbox 880 2631 1073 2687; x_wconf 86' lang='lat' dir='ltr'>supplices</span> <span class='ocrx_word' id='word_1_566' title='bbox 1086 2633 1244 2673; x_wconf 88' lang='lat' dir='ltr'>libellos</span> <span class='ocrx_word' id='word_1_567' title='bbox 1260 2631 1402 2672; x_wconf 79' lang='lat' dir='ltr'>finisti-a</span> <span class='ocrx_word' id='word_1_568' title='bbox 1413 2644 1549 2672; x_wconf 88' lang='lat' dir='ltr'>tenens</span> <span class='ocrx_word' id='word_1_569' title='bbox 1561 2657 1573 2675; x_wconf 63' lang='lat'>2,</span> <span class='ocrx_word' id='word_1_570' title='bbox 1603 2629 1666 2670; x_wconf 90' lang='lat' dir='ltr'>vel</span> <span class='ocrx_word' id='word_1_571' title='bbox 1682 2626 1823 2668; x_wconf 90' lang='lat' dir='ltr'>forsam</span> <span class='ocrx_word' id='word_1_572' title='bbox 1840 2627 1944 2666; x_wconf 84' lang='lat' dir='ltr'>indi-</span> 
     </span>
    </p>

    <p class='ocr_par' dir='ltr' id='par_1_34' title="bbox 20 2685 1940 2802">
     <span class='ocr_line' id='line_1_45' title="bbox 20 2685 1940 2746; baseline -0.002 -18"><span class='ocrx_word' id='word_1_573' title='bbox 20 2691 24 2696; x_wconf 83' lang='lat'>&#39;</span> <span class='ocrx_word' id='word_1_574' title='bbox 79 2688 213 2729; x_wconf 86' lang='lat' dir='ltr'>culum</span> <span class='ocrx_word' id='word_1_575' title='bbox 230 2688 397 2729; x_wconf 87' lang='lat' dir='ltr'>militum</span> <span class='ocrx_word' id='word_1_576' title='bbox 415 2702 575 2743; x_wconf 85' lang='lat' dir='ltr'>pontem</span> <span class='ocrx_word' id='word_1_577' title='bbox 591 2690 891 2734; x_wconf 64' lang='lat' dir='ltr'>transeuntium</span> <span class='ocrx_word' id='word_1_578' title='bbox 920 2704 1041 2746; x_wconf 85' lang='lat' dir='ltr'>quare</span> <span class='ocrx_word' id='word_1_579' title='bbox 1054 2691 1091 2731; x_wconf 93' lang='lat' dir='ltr'>in</span> <span class='ocrx_word' id='word_1_580' title='bbox 1107 2689 1184 2730; x_wconf 83' lang='lat' dir='ltr'>fine</span> <span class='ocrx_word' id='word_1_581' title='bbox 1195 2690 1329 2743; x_wconf 88' lang='lat' dir='ltr'>pontis</span> <span class='ocrx_word' id='word_1_582' title='bbox 1343 2689 1551 2729; x_wconf 81' lang='lat' dir='ltr'>confistens</span> <span class='ocrx_word' id='word_1_583' title='bbox 1562 2714 1574 2732; x_wconf 81' lang='lat'>‚</span> <span class='ocrx_word' id='word_1_584' title='bbox 1587 2700 1666 2727; x_wconf 90' lang='lat' dir='ltr'>non</span> <span class='ocrx_word' id='word_1_585' title='bbox 1679 2685 1835 2726; x_wconf 88' lang='lat' dir='ltr'>videtur</span> <span class='ocrx_word' id='word_1_586' title='bbox 1845 2697 1940 2738; x_wconf 91' lang='lat' dir='ltr'>pro-</span> 
     </span>
     <span class='ocr_line' id='line_1_46' title="bbox 82 2742 1940 2802; baseline -0.002 -17"><span class='ocrx_word' id='word_1_587' title='bbox 82 2746 222 2800; x_wconf 79' lang='lat' dir='ltr'>gredi,</span> <span class='ocrx_word' id='word_1_588' title='bbox 236 2744 300 2785; x_wconf 85' lang='lat' dir='ltr'>sed</span> <span class='ocrx_word' id='word_1_589' title='bbox 317 2746 447 2801; x_wconf 72' lang='lat' dir='ltr'>potius</span> <span class='ocrx_word' id='word_1_590' title='bbox 463 2748 573 2792; x_wconf 74' lang='lat' dir='ltr'>stare,</span> <span class='ocrx_word' id='word_1_591' title='bbox 590 2751 629 2788; x_wconf 87' lang='lat'>&amp;</span> <span class='ocrx_word' id='word_1_592' title='bbox 642 2748 955 2793; x_wconf 73' lang='lat' dir='ltr'>centurionibus,</span> <span class='ocrx_word' id='word_1_593' title='bbox 972 2746 1241 2802; x_wconf 78' lang='lat' dir='ltr'>signiferisque</span> <span class='ocrx_word' id='word_1_594' title='bbox 1254 2746 1471 2801; x_wconf 84' lang='lat' dir='ltr'>singulatim</span> <span class='ocrx_word' id='word_1_595' title='bbox 1486 2745 1583 2801; x_wconf 90' lang='lat' dir='ltr'>quid</span> <span class='ocrx_word' id='word_1_596' title='bbox 1597 2744 1794 2798; x_wconf 86' lang='lat' dir='ltr'>agendum</span> <span class='ocrx_word' id='word_1_597' title='bbox 1807 2767 1820 2786; x_wconf 66' lang='lat'>2</span> <span class='ocrx_word' id='word_1_598' title='bbox 1833 2742 1940 2796; x_wconf 75' lang='lat' dir='ltr'>quo-</span> 
     </span>
    </p>

    <p class='ocr_par' dir='ltr' id='par_1_35' title="bbox 21 2801 1938 2858">
     <span class='ocr_line' id='line_1_47' title="bbox 21 2801 1938 2858; baseline -0.003 -14"><span class='ocrx_word' id='word_1_599' title='bbox 21 2808 24 2816; x_wconf 90' lang='lat'>&#39;</span> <span class='ocrx_word' id='word_1_600' title='bbox 78 2817 131 2844; x_wconf 86' lang='lat' dir='ltr'>ue</span> <span class='ocrx_word' id='word_1_601' title='bbox 147 2804 443 2858; x_wconf 82' lang='lat' dir='ltr'>procedendum</span> <span class='ocrx_word' id='word_1_602' title='bbox 459 2806 633 2846; x_wconf 89' lang='lat' dir='ltr'>indicere</span> <span class='ocrx_word' id='word_1_603' title='bbox 647 2835 656 2844; x_wconf 90' lang='lat'><em>.</em></span> <span class='ocrx_word' id='word_1_604' title='bbox 686 2806 926 2846; x_wconf 87' lang='lat' dir='ltr'>DeTribuni</span> <span class='ocrx_word' id='word_1_605' title='bbox 942 2818 1072 2846; x_wconf 87' lang='lat' dir='ltr'>autem</span> <span class='ocrx_word' id='word_1_606' title='bbox 1086 2803 1218 2847; x_wconf 86' lang='lat' dir='ltr'>officio</span> <span class='ocrx_word' id='word_1_607' title='bbox 1229 2831 1241 2850; x_wconf 68' lang='lat'>2</span> <span class='ocrx_word' id='word_1_608' title='bbox 1256 2805 1404 2845; x_wconf 87' lang='lat' dir='ltr'>Cicero</span> <span class='ocrx_word' id='word_1_609' title='bbox 1414 2804 1465 2844; x_wconf 89' lang='lat' dir='ltr'>de</span> <span class='ocrx_word' id='word_1_610' title='bbox 1482 2804 1577 2858; x_wconf 84' lang='lat' dir='ltr'>Leg.</span> <span class='ocrx_word' id='word_1_611' title='bbox 1587 2802 1656 2842; x_wconf 91' lang='lat' dir='ltr'>lib.</span> <span class='ocrx_word' id='word_1_612' title='bbox 1676 2816 1712 2841; x_wconf 88' lang='lat'>2.</span> <span class='ocrx_word' id='word_1_613' title='bbox 1732 2801 1938 2853; x_wconf 83' lang='lat' dir='ltr'>Vegetius‚</span> 
     </span>
    </p>

    <p class='ocr_par' dir='ltr' id='par_1_36' title="bbox 21 2861 1214 2919">
     <span class='ocr_line' id='line_1_48' title="bbox 21 2861 1214 2919; baseline 0.003 -18"><span class='ocrx_word' id='word_1_614' title='bbox 21 2861 24 2869; x_wconf 95' lang='lat'>&#39;</span> <span class='ocrx_word' id='word_1_615' title='bbox 79 2865 120 2902; x_wconf 69' lang='grc' dir='ltr'>ἃ</span> <span class='ocrx_word' id='word_1_616' title='bbox 132 2863 347 2903; x_wconf 82' lang='lat' dir='ltr'>Marcellus</span> <span class='ocrx_word' id='word_1_617' title='bbox 364 2862 412 2902; x_wconf 89' lang='lat' dir='ltr'>de</span> <span class='ocrx_word' id='word_1_618' title='bbox 428 2864 486 2903; x_wconf 88' lang='lat' dir='ltr'>Re</span> <span class='ocrx_word' id='word_1_619' title='bbox 497 2863 686 2908; x_wconf 74' lang='lat' dir='ltr'>Militari,</span> <span class='ocrx_word' id='word_1_620' title='bbox 701 2862 789 2904; x_wconf 87' lang='lat' dir='ltr'>satis</span> <span class='ocrx_word' id='word_1_621' title='bbox 802 2862 997 2919; x_wconf 86' lang='lat' dir='ltr'>superque</span> <span class='ocrx_word' id='word_1_622' title='bbox 1014 2864 1187 2904; x_wconf 87' lang='lat' dir='ltr'>docuere</span> <span class='ocrx_word' id='word_1_623' title='bbox 1203 2892 1214 2904; x_wconf 83' lang='lat'><strong>.</strong></span> 
     </span>
    </p>

    <p class='ocr_par' dir='ltr' id='par_1_37' title="bbox 29 2917 1942 2976">
     <span class='ocr_line' id='line_1_49' title="bbox 29 2917 1942 2976; baseline -0.002 -18"><span class='ocrx_word' id='word_1_624' title='bbox 29 2929 77 2968; x_wconf 78' lang='lat'>52</span> <span class='ocrx_word' id='word_1_625' title='bbox 111 2920 334 2973; x_wconf 84' lang='lat' dir='ltr'>Imaginarij</span> <span class='ocrx_word' id='word_1_626' title='bbox 352 2919 430 2960; x_wconf 82' lang='lat' dir='ltr'>siue</span> <span class='ocrx_word' id='word_1_627' title='bbox 443 2919 704 2974; x_wconf 70' lang='lat' dir='ltr'>imaginiferi2</span> <span class='ocrx_word' id='word_1_628' title='bbox 723 2922 794 2976; x_wconf 88' lang='lat' dir='ltr'>qui</span> <span class='ocrx_word' id='word_1_629' title='bbox 817 2923 856 2961; x_wconf 90' lang='lat' dir='ltr'>in</span> <span class='ocrx_word' id='word_1_630' title='bbox 882 2921 1037 2961; x_wconf 87' lang='lat' dir='ltr'>vexillis</span> <span class='ocrx_word' id='word_1_631' title='bbox 1051 2922 1242 2975; x_wconf 84' lang='lat' dir='ltr'>imagines</span> <span class='ocrx_word' id='word_1_632' title='bbox 1257 2919 1388 2975; x_wconf 75' lang='lat' dir='ltr'>passim</span> <span class='ocrx_word' id='word_1_633' title='bbox 1403 2920 1701 2963; x_wconf 83' lang='lat' dir='ltr'>&amp;Deorum‚&amp;</span> <span class='ocrx_word' id='word_1_634' title='bbox 1724 2917 1942 2971; x_wconf 85' lang='lat' dir='ltr'>Imperato-</span> 
     </span>
    </p>

    <p class='ocr_par' dir='ltr' id='par_1_38' title="bbox 21 2972 1939 3033">
     <span class='ocr_line' id='line_1_50' title="bbox 21 2972 1939 3033; baseline -0.003 -16"><span class='ocrx_word' id='word_1_635' title='bbox 21 2972 25 2983; x_wconf 73' lang='grc'><strong>”</strong></span> <span class='ocrx_word' id='word_1_636' title='bbox 80 2990 167 3024; x_wconf 78' lang='lat' dir='ltr'>rum</span> <span class='ocrx_word' id='word_1_637' title='bbox 183 3002 197 3022; x_wconf 72' lang='lat' dir='ltr'>a</span> <span class='ocrx_word' id='word_1_638' title='bbox 212 2977 440 3033; x_wconf 87' lang='lat' dir='ltr'>ducumque</span> <span class='ocrx_word' id='word_1_639' title='bbox 454 2977 790 3020; x_wconf 70' lang='lat' dir='ltr'>illustrissimorum</span> <span class='ocrx_word' id='word_1_640' title='bbox 807 2979 979 3033; x_wconf 61' lang='lat' dir='ltr'>depictas</span> <span class='ocrx_word' id='word_1_641' title='bbox 991 2980 1181 3033; x_wconf 86' lang='lat' dir='ltr'>gerebant</span> <span class='ocrx_word' id='word_1_642' title='bbox 1193 3004 1205 3023; x_wconf 65' lang='lat' dir='ltr'>a</span> <span class='ocrx_word' id='word_1_643' title='bbox 1217 2991 1260 3020; x_wconf 92' lang='lat' dir='ltr'>vt</span> <span class='ocrx_word' id='word_1_644' title='bbox 1273 2978 1486 3018; x_wconf 86' lang='lat' dir='ltr'>Cornelius</span> <span class='ocrx_word' id='word_1_645' title='bbox 1499 2978 1661 3017; x_wconf 87' lang='lat' dir='ltr'>Tacitus</span> <span class='ocrx_word' id='word_1_646' title='bbox 1678 2974 1749 3015; x_wconf 90' lang='lat' dir='ltr'>lib.</span> <span class='ocrx_word' id='word_1_647' title='bbox 1767 2987 1802 3023; x_wconf 86' lang='lat'>5.</span> <span class='ocrx_word' id='word_1_648' title='bbox 1817 2975 1855 3013; x_wconf 72' lang='grc' dir='ltr'>δε</span> <span class='ocrx_word' id='word_1_649' title='bbox 1877 2973 1939 3010; x_wconf 87' lang='lat'>18-</span> 
     </span>
    </p>

    <p class='ocr_par' dir='ltr' id='par_1_39' title="bbox 21 3032 1941 3093">
     <span class='ocr_line' id='line_1_51' title="bbox 21 3032 1941 3093; baseline -0.004 -19"><span class='ocrx_word' id='word_1_650' title='bbox 21 3037 25 3093; x_wconf 47' lang='lat'>&#39;¹</span> <span class='ocrx_word' id='word_1_651' title='bbox 76 3034 284 3089; x_wconf 84' lang='lat' dir='ltr'>Appianus</span> <span class='ocrx_word' id='word_1_652' title='bbox 303 3035 596 3077; x_wconf 84' lang='lat' dir='ltr'>Alexandrinus</span> <span class='ocrx_word' id='word_1_653' title='bbox 609 3035 678 3078; x_wconf 91' lang='lat' dir='ltr'>lib.</span> <span class='ocrx_word' id='word_1_654' title='bbox 693 3050 730 3077; x_wconf 89' lang='lat'>2.</span> <span class='ocrx_word' id='word_1_655' title='bbox 747 3062 761 3083; x_wconf 75' lang='lat'>2</span> <span class='ocrx_word' id='word_1_656' title='bbox 776 3036 988 3079; x_wconf 88' lang='lat' dir='ltr'>Suetonius</span> <span class='ocrx_word' id='word_1_657' title='bbox 999 3038 1040 3078; x_wconf 87' lang='lat' dir='ltr'>in</span> <span class='ocrx_word' id='word_1_658' title='bbox 1057 3034 1351 3092; x_wconf 68' lang='lat' dir='ltr'>Vespafian02&amp;</span> <span class='ocrx_word' id='word_1_659' title='bbox 1365 3033 1616 3090; x_wconf 81' lang='lat' dir='ltr'>Lampridius</span> <span class='ocrx_word' id='word_1_660' title='bbox 1631 3034 1671 3074; x_wconf 91' lang='lat' dir='ltr'>in</span> <span class='ocrx_word' id='word_1_661' title='bbox 1685 3032 1941 3074; x_wconf 85' lang='lat' dir='ltr'>Diadumeno</span> 
     </span>
    </p>

    <p class='ocr_par' dir='ltr' id='par_1_40' title="bbox 22 3092 332 3136">
     <span class='ocr_line' id='line_1_52' title="bbox 22 3092 332 3136; baseline 0.003 -5"><span class='ocrx_word' id='word_1_662' title='bbox 22 3100 24 3104; x_wconf 86' lang='lat'>·</span> <span class='ocrx_word' id='word_1_663' title='bbox 75 3092 305 3136; x_wconf 84' lang='lat' dir='ltr'>attestantur</span> <span class='ocrx_word' id='word_1_664' title='bbox 321 3122 332 3132; x_wconf 88' lang='lat'>.</span> 
     </span>
    </p>

    <p class='ocr_par' dir='ltr' id='par_1_41' title="bbox 22 3139 1946 3207">
     <span class='ocr_line' id='line_1_53' title="bbox 22 3139 1946 3207; baseline -0.005 -17"><span class='ocrx_word' id='word_1_665' title='bbox 22 3151 49 3177; x_wconf 43' lang='grc' dir='ltr'>’ἢ</span> <span class='ocrx_word' id='word_1_666' title='bbox 109 3151 144 3190; x_wconf 90' lang='lat' dir='ltr'><em>V</em></span> <span class='ocrx_word' id='word_1_667' title='bbox 147 3150 161 3188; x_wconf 86' lang='lat' dir='ltr'>i</span> <span class='ocrx_word' id='word_1_668' title='bbox 160 3150 253 3202; x_wconf 80' lang='lat' dir='ltr'>fimo</span> <span class='ocrx_word' id='word_1_669' title='bbox 251 3151 458 3206; x_wconf 71' lang='lat' dir='ltr'>figure2che</span> <span class='ocrx_word' id='word_1_670' title='bbox 470 3162 621 3207; x_wconf 80' lang='lat' dir='ltr'>tengono</span> <span class='ocrx_word' id='word_1_671' title='bbox 634 3166 692 3192; x_wconf 83' lang='lat' dir='ltr'>vn</span> <span class='ocrx_word' id='word_1_672' title='bbox 705 3162 847 3193; x_wconf 87' lang='lat' dir='ltr'>temone</span> <span class='ocrx_word' id='word_1_673' title='bbox 862 3152 960 3193; x_wconf 84' lang='lat' dir='ltr'>nella</span> <span class='ocrx_word' id='word_1_674' title='bbox 977 3148 1374 3205; x_wconf 68' lang='lat' dir='ltr'>destramellastnistra</span> <span class='ocrx_word' id='word_1_675' title='bbox 1386 3164 1468 3191; x_wconf 82' lang='lat' dir='ltr'>vna</span> <span class='ocrx_word' id='word_1_676' title='bbox 1476 3150 1622 3205; x_wconf 82' lang='lat' dir='ltr'>palma:</span> <span class='ocrx_word' id='word_1_677' title='bbox 1637 3147 1779 3202; x_wconf 70' lang='lat' dir='ltr'>irfigne</span> <span class='ocrx_word' id='word_1_678' title='bbox 1788 3143 1833 3183; x_wconf 87' lang='lat' dir='ltr'>de</span> <span class='ocrx_word' id='word_1_679' title='bbox 1842 3139 1946 3203; x_wconf 62' lang='lat' dir='ltr'>Clas}</span> 
     </span>
    </p>

    <p class='ocr_par' dir='ltr' id='par_1_42' title="bbox 67 3200 1948 3314">
     <span class='ocr_line' id='line_1_54' title="bbox 67 3200 1948 3298; baseline 0.004 -50"><span class='ocrx_word' id='word_1_680' title='bbox 67 3205 265 3264; x_wconf 62' lang='lat' dir='ltr'>starg&#39;jffhc</span> <span class='ocrx_word' id='word_1_681' title='bbox 283 3223 391 3252; x_wconf 73' lang='lat' dir='ltr'>erano</span> <span class='ocrx_word' id='word_1_682' title='bbox 408 3211 554 3253; x_wconf 78' lang='lat' dir='ltr'>Svldati</span> <span class='ocrx_word' id='word_1_683' title='bbox 563 3210 821 3255; x_wconf 76' lang='lat' dir='ltr'>dell&#39;armata.</span> <span class='ocrx_word' id='word_1_684' title='bbox 836 3212 880 3253; x_wconf 91' lang='lat' dir='ltr'><strong><em>N</em></strong></span> <span class='ocrx_word' id='word_1_685' title='bbox 884 3225 902 3252; x_wconf 84' lang='lat' dir='ltr'>e</span> <span class='ocrx_word' id='word_1_686' title='bbox 913 3210 1024 3266; x_wconf 71' lang='lat' dir='ltr'>clipei,</span> <span class='ocrx_word' id='word_1_687' title='bbox 1042 3208 1389 3266; x_wconf 67' lang='lat' dir='ltr'>bfiudistveggono</span> <span class='ocrx_word' id='word_1_688' title='bbox 1406 3209 1421 3249; x_wconf 88' lang='lat' dir='ltr'>i</span> <span class='ocrx_word' id='word_1_689' title='bbox 1432 3200 1923 3298; x_wconf 58' lang='lat' dir='ltr'>riirattidegt&#39;lnrper0340r1</span> <span class='ocrx_word' id='word_1_690' title='bbox 1938 3225 1948 3241; x_wconf 82' lang='lat'><strong>·</strong></span> 
     </span>
     <span class='ocr_line' id='line_1_55' title="bbox 539 3267 1890 3314; baseline 0.003 -6"><span class='ocrx_word' id='word_1_691' title='bbox 539 3268 549 3272; x_wconf 66' lang='grc'><strong><em>’</em></strong></span> <span class='ocrx_word' id='word_1_692' title='bbox 568 3268 573 3271; x_wconf 70' lang='grc'><strong>“</strong></span> <span class='ocrx_word' id='word_1_693' title='bbox 639 3267 657 3272; x_wconf 68' lang='grc'><em>“</em></span> <span class='ocrx_word' id='word_1_694' title='bbox 680 3270 683 3272; x_wconf 74' lang='grc'><strong>’</strong></span> <span class='ocrx_word' id='word_1_695' title='bbox 835 3267 840 3270; x_wconf 64' lang='grc'><em>’</em></span> <span class='ocrx_word' id='word_1_696' title='bbox 1130 3267 1158 3310; x_wconf 90' lang='lat' dir='ltr'>b</span> <span class='ocrx_word' id='word_1_697' title='bbox 1741 3271 1791 3314; x_wconf 85' lang='lat'>53</span> <span class='ocrx_word' id='word_1_698' title='bbox 1858 3270 1890 3297; x_wconf 69' lang='lat'>¹*</span> 
     </span>
    </p>
   </div>
  </div>
 </body>
</html>
