2221 3512
278 211 398 252 mim's
419 195 624 256 perductae,
647 194 954 262 quam'militum
971 194 1167 241 custodias
1184 205 1354 240 tuentur.

235 271 281 309 18
316 257 448 310 Strues
468 269 664 307 lionorum
681 290 691 307 2
712 263 760 303 ad
774 262 1010 301 munitiones
1027 258 1236 311 castrorum
1249 283 1261 301 2
1274 256 1385 296 cibos
1400 253 1647 293 condiendos
1666 279 1677 297 ,
1694 254 1977 309 impedimenta
1991 254 2147 302 bellica,

280 302 787 380 pontes<1ue³c0nfitiend0s
803 313 968 356 collecta
984 341 995 359 ,
1013 319 1050 355 &
1068 315 1206 354 ordine
1222 313 1396 368 quodam
1410 310 1593 365 dispofita
1608 315 1646 352 &
1663 310 1849 353 affer-uara
1864 342 1874 352 .
2003 326 2005 329 ·

235 396 292 432 19*v
343 383 532 425 Foenilia,
546 380 614 421 seu'
628 378 814 433 palearia,>
827 375 864 413 in
884 373 1070 426 pabulum
1089 385 1299 426 equorum,
1316 372 1664 424 iumentorumque
1673 370 1915 410 castrensium
1933 369 2145 416 assei-uata',

286 442 324 481 in
342 452 510 494 eamque
525 437 692 478 foi-imm
706 430 921 485 composita
935 455 948 472 ¹>
964 444 1012 469 ne
1028 430 1077 469 ab
1093 428 1285 468 imbribus
1303 428 1503 482 corrumpi
1519 453 1532 471 2
1555 440 1622 467 aut
1637 429 1764 468 ventis
1779 426 1947 482 dissipari
1963 426 2140 482 po‘fl'entx,

287 509 410 552 vtque
427 497 448 536 a
465 496 614 536 cacteris
631 488 877 532 nocumentis
891 491 928 527 δε
944 487 1092 536 iniurijs
1107 487 1295 527 immunia
1308 483 1490 530 effent2in
1502 485 1637 531 castra,
1649 485 1938 540 proutoccafio
1954 488 2140 540 exigere-u,

288 555 378 595 tuto
396 551 660 594 transferenda
679 578 688 588 .
2032 544 2037 552 ”
2065 544 2076 549 ··
2102 554 2130 576 4

233 626 254 653 2
265 627 291 651 0⁴
320 610 488 652 Castella
503 622 571 663 per
586 604 790 647 interualla
810 603 974 659 diposita
989 629 1001 648 ³
1015 603 1131 642 editis
1147 600 1367 657 asperisque
1383 601 1661 655 collibus,tipis
1679 601 1804 642 Draui
1818 600 1923 652 fluuij
1941 602 2151 643 immineri*
2206 628 2207 632 ,

288 669 412 712 tibus,
428 667 546 710 vano,
559 677 716 719 aggere,
729 662 876 702 &fossa
891 663 1054 704 munita,
1070 659 1327 714 praefidioque
1338 660 1507 699 militum
1522 671 1628 699 tenta
1640 684 1651 702 ,
1666 660 1818 698 interim
1835 659 1930 699 dum
1945 659 2058 700 locus
2075 660 2147 714 op.-

287 724 480 780 portuuus
505 723 699 766 metandis
729 720 856 760 castris
887 731 1088 760 occurrat;
1114 728 1157 757 vt
1174 717 1200 757 fi
1229 730 1315 771 quae
1342 717 1512 757 hostium
1531 717 1696 769 irruptio
1725 715 1837 756 fieret
1864 717 2144 770 intercipiendi

285 794 532 823 commeatus
551 781 676 834 gratia
691 804 704 822 ‚
731 775 957 830 tempestiue
974 775 1128 815 occurri
1143 787 1265 829 queat
1277 800 1288 818 ,
1305 774 1416 828 quod
1431 778 1467 814 δε
1484 775 1678 827 Vegetius
1693 773 1814 825 lib.-3.
1831 787 1915 827 cap.
1934 777 1971 815 8.
1988 775 2027 813 in
2046 774 2148 815 hunc
2208 803 2210 823 :

295 840 459 880 modum
482 838 642 877 edocuit
655 866 664 875 .
694 835 731 874 Si
740 847 820 872 >non
835 833 1013 885 reperitur
1024 831 1180 885 antiqua
1193 831 1343 871 munitm
1359 858 1372 876 ‚
1389 832 1586 884 opportunis
1601 830 1684 869 locis
1697 855 1709 874 a
1721 828 1938 871 'circundata
1953 831 2149 871 maioribus
2208 831 2210 839 '

286 895 394 950 falsis
406 893 652 937 tumultuaria
664 890 1019 946 castellafirmantur
1034 918 1043 927 .
1075 891 1117 926 N
1122 902 1185 928 am
1199 888 1224 926 d
1241 886 1367 937 castris
1384 889 1562 928 diminuto
1575 887 1851 938 vocabulosunt
1864 899 2070 941 nuncupata
2083 904 2147 931 cae

290 945 422 1001 βέἶίας
448 951 549 991 intrd
574 963 652 1005 qzeae
667 950 705 988 in
730 949 897 1002 angariis
921 946 1106 1000 aliquanti
1114 946 1254 998 pedites
1272 972 1284 991 ,
1300 946 1504 1000 equitesque
1517 947 1704 1000 degentes,
1730 955 1850 983 tutum
1865 944 1933 984 iter
1947 959 2148 986 commean-

280 997 562 1063 *tibuspraestant
580 1039 589 1047 .
620 1004 775 1057 Difficile>
792 1005 888 1044 enim
899 1002 1004 1055 hostis
1018 1004 1071 1043 ad
1082 1018 1125 1043 ea
1141 1003 1219 1043 loca
1243 1004 1357 1043 audet
1369 1005 1538 1044 accedere
1552 1030 1564 1049 2
1585 1001 1759 1058 inquibus
1774 1000 1798 1040 d
1801 1000 1932 1054 fronte
1951 1003 1996 1047 (9.-
2015 1002 2040 1042 d
2051 1014 2146 1058 tergo

290 1069 395 1107 'mitit
409 1066 642 1118 adumfizrios
656 1062 892 1104 commorari.
2128 1068 2138 1098 ¹.

247 1141 267 1167 2
281 1140 297 1166 ι
332 1129 448 1167 Faces
465 1123 630 1165 accensae
647 1136 715 1176 per
729 1120 911 1161 fenestras
927 1120 1171 1160 castellorum
1183 1119 1379 1172 productae
1397 1147 1409 1165 ,
1427 1119 1571 1174 quibus
1596 1121 1788 1159 nocturnae
1804 1117 1971 1158 hostium
1984 1117 2151 1167 infidia-3

295 1184 360 1224 vel
376 1181 548 1223 incursus
560 1208 572 1225 a
584 1181 608 1221 fi
627 1177 852 1235 quiessent,
867 1177 1076 1231 explorari,
1087 1177 1298 1231 praesentiri
1310 1202 1323 1222 2
1334 1182 1372 1218 δε
1389 1177 1539 1217 mature
1552 1178 1761 1231 praecaueri
1773 1174 1927 1230 poss'ent
1943 1205 1954 1215 .
2103 1212 2121 1215 ,,

243 1255 292 1282 22
327 1241 582 1281 Praetor-ianus
602 1238 711 1278 miles
734 1248 824 1276 ante
839 1234 945 1274 fores
963 1234 1106 1274 castelli
1118 1260 1130 1278 2
1146 1233 1208 1274 seu
1225 1235 1356 1288 potius
1375 1237 1415 1275 in
1431 1235 1599 1289 angar-ijs
1611 1260 1622 1279 2
1635 1234 1758 1287 vigil,
1773 1232 1873 1274 intra
1891 1233 2003 1288 quod
2017 1232 2151 1278 tandiu
2211 1233 2213 1241 '

290 1299 486 1339 Traianus
502 1296 698 1349 Augustus
717 1291 944 1333 consederat
957 1317 968 1335 >
984 1292 1159 1345 quandiu
1175 1293 1292 1332 castra
1306 1293 1399 1333 loco
1426 1302 1653 1347 opportuno
1670 1291 1696 1330 fi
1700 1303 1884 1345 gerentur
1899 1319 1911 1330 .
1951 1293 1996 1331 In
2012 1291 2156 1346 editiog-v

295 1355 404 1396 ribus
420 1366 551 1394 autem
567 1354 664 1393 locis
679 1350 872 1391 excubant
886 1375 898 1393 2
913 1348 996 1402 quo
1014 1350 1163 1388 eminus
1179 1349 1306 1390 hostes
1323 1350 1530 1390 obseruare
1547 1349 1702 1391 valeant
1720 1378 1730 1387 .
1762 1346 1874 1388 Fides
1890 1360 2021 1388 autem
2039 1351 2076 1388 &
2095 1350 2154 1401 vi·-

292 1412 461 1466 gilantia
476 1412 643 1451 militum
660 1436 672 1454 2
686 1408 782 1449 ficut
796 1411 835 1449 δι
855 1407 1285 1459 σοωΡΙεΧιιωαιηιιιίῃ,
1314 1409 1369 1447 ita
1382 1407 1496 1460 digiti
1513 1408 1708 1446 ereetione
1724 1405 2031 1459 significabatur5
2062 1420 2087 1460 q
2094 1407 2153 1446 ui-

294 1483 384 1509 mos
399 1470 451 1508 est
467 1468 588 1507 hodie
606 1465 882 1519 receptissimus
897 1493 907 1502 .
935 1465 1104 1516 QOties
1121 1477 1251 1504 autem
1266 1465 1409 1505 milites
1423 1465 1661 1504 inducuntur
1676 1464 1824 1503 indices
1839 1463 2152 1517 eleuantes,prae-

299 1527 474 1567 torianos
491 1537 558 1564 eos
576 1524 649 1564 effe
665 1550 677 1568 ‚
692 1521 969 1576 stipator-esque
983 1522 1157 1575 corporis
1172 1522 1336 1575 Augusti
1347 1547 1360 1566 ‚
1373 1522 1668 1576 custodiamque
1684 1523 1767 1561 eius
1784 1534 1853 1574 per
1871 1521 1976 1561 vices
1993 1532 2149 1573 agere&
2213 1562 2215 1573 4

297 1597 351 1623 ex
364 1581 458 1623 serie
473 1582 794 1622 simulachrorum
810 1580 925 1619 huius
942 1578 1148 1618 Columnae
1165 1579 1495 1632 deprehendimus
1513 1608 1522 1618 .
1549 1581 1654 1620 Cum
1677 1576 1809 1619 autem
1829 1577 1935 1618 haud
1947 1576 2030 1618 fieri
2044 1576 2153 1631 posse
2213 1578 2216 1626 f

297 1640 513 1683 videretur,
526 1641 565 1679 in
576 1638 742 1693 speculis
757 1650 826 1691 per
842 1648 966 1678 totam
983 1637 1359 1690 noctemvigilantes
1375 1636 1547 1690 singulos
1560 1636 1899 1690 permane1·e‚ideo
1914 1636 1954 1675 in
1967 1644 2153 1690 quattuor

298 1709 429 1754 partes
452 1696 501 1736 ad
527 1694 768 1750 clepsydram
784 1692 871 1734 sunt
886 1691 1014 1733 diuisae
1026 1693 1169 1746 vigiliae
1189 1720 1202 1738 a
1219 1706 1262 1734 vt
1273 1708 1353 1735 non
1375 1693 1541 1749 amplius
1558 1693 1680 1748 quam
1696 1693 1817 1734 tribus
1833 1693 1940 1732 horis
1955 1694 2153 1735 nocturnis

297 1753 450 1796 neceffe
466 1753 510 1794 fit
525 1754 688 1809 vigilare
703 1781 714 1792 .
737 1750 777 1792 A
789 1752 949 1792 tibicine
966 1763 1104 1790 omnes
1120 1752 1261 1806 vigiliae
1276 1753 1576 1792 committuntur
1587 1778 1599 1797 2
1617 1755 1654 1792 &
1671 1751 1790 1792 finitis
1804 1751 1910 1790 horis
1921 1749 1942 1789 ὲ
1956 1751 2152 1790 cornicine

297 1824 537 1853 reuocantur
554 1840 565 1850 .
591 1812 764 1852 Idoneos
780 1821 910 1850 tamen
926 1808 1144 1859 Tribuni&
1156 1808 1443 1864 probatiffimo's
1459 1810 1635 1864 eligunt„
1650 1809 1723 1865 qui
1733 1808 1884 1864 vigilias
1898 1808 2150 1853 circumeant,-

294 1873 340 1911 δε
357 1871 587 1910 renuntient
597 1869 623 1910 fi
639 1882 718 1923 qua
728 1865 926 1908 emerserit
940 1866 1054 1920 culpa
1068 1892 1081 1911 ‚
1098 1879 1201 1920 quos
1216 1869 1446 1908 circuitores
1463 1867 1662 1922 appellant
1674 1897 1684 1907 .
2029 1882 2033 1884 >

249 1930 276 1954 ἃ
295 1953 303 1956 ·
337 1928 394 1967 La
410 1940 518 1967 mano
530 1926 583 1967 col
596 1926 672 1967 dito
686 1925 804 1965 indice
818 1922 1127 1980 eleuatosignfica
1141 1923 1180 1964 la
1197 1922 1369 1974 costanza
1381 1952 1392 1970 ,
1407 1937 1503 1965 come
1514 1924 1605 1964 nelle
1618 1923 1799 1980 medaglie
1814 1938 1837 1964 .·

249 1998 269 2024 2
280 1999 299 2037 3
334 1984 462 2025 Libris
478 1983 740 2038 peculiaribus
757 1981 1045 2022 annotabantur
1059 1983 1298 2036 quotidianae
1310 1984 1350 2023 in
1360 1995 1458 2037 pace
1471 1982 1629 2036 vigiliae,
1643 1983 1738 2023 item
1750 1981 1924 2023 excubiae
1939 1980 2018 2022 fiue
2034 1982 2153 2036 auga-J

300 2043 364 2083 siae
391 2041 440 2081 de
467 2041 649 2082 omnibus
676 2039 864 2091 centuriis
889 2042 928 2080 &
943 2039 1210 2091 contuberniis
1225 2066 1238 2085 ‚
1264 2054 1351 2095 quae
1365 2038 1525 2080 vicissim
1541 2040 1687 2081 milites
1700 2039 1919 2082 faciebant;
1945 2050 1989 2079 vt
2002 2053 2051 2079 ne
2064 2041 2154 2095 quis

303 2111 441 2139 contra
468 2099 648 2139 iustitiam
665 2108 971 2153 praegrauaretur
985 2121 998 2139 ‚
1026 2096 1090 2135 vel
1105 2097 1223 2137 alicui
1242 2098 1480 2151 praestaretur
1505 2099 1729 2138 immunitas
1744 2126 1754 2136 .
1796 2097 1905 2138 Nam
1922 2097 1972 2137 de
1993 2096 2152 2151 fingulis

302 2155 485 2206 centurijs
501 2157 680 2211 quaterni
699 2156 853 2210 equites
869 2156 908 2194 &
935 2154 1115 2207 quaterni
1130 2154 1284 2207 pedites
1298 2181 1310 2199 ‚
1334 2157 1404 2209 qui
1419 2155 1604 2196 excubias
1619 2155 1799 2195 nostibus
1814 2152 1988 2196 facerent
2000 2179 2012 2198 ,
2032 2155 2154 2207 elige-

299 2214 442 2254 bantur
459 2242 468 2252 .
512 2215 678 2269 Equites
695 2225 804 2252 extra
821 2211 970 2252 vallum
987 2213 1194 2251 nocturnas
1211 2212 1397 2252 excubias
1414 2212 1586 2266 agebant
1603 2241 1612 2251 .
1655 2215 1729 2253 Per
1743 2213 1849 2252 diem
1873 2222 2002 2252 autem
2022 2213 2153 2255 castris

300 2271 435 2325 pofitis
450 2296 463 2316 2
479 2271 542 2321 alij
560 2271 644 2326 post
662 2270 865 2310 meridiem
882 2294 894 2312 ,
910 2279 1075 2322 propter
1087 2266 1362 2322 fatigationem
1378 2270 1599 2314 hominum,
1613 2270 2078 2324 equorumque2angarias
2093 2267 2153 2309 fa·-

301 2330 412 2369 ciunt
431 2356 441 2367 .
470 2330 647 2370 Nomina
663 2341 798 2368 eorum
815 2326 884 2380 qui
901 2325 1052 2365 vicibus
1072 2323 1336 2379 fungebantur
1346 2325 1434 2371 suis,
1450 2327 1636 2368 breuibus
1649 2326 1939 2367 inferebantur.
1963 2327 2003 2365 Si
2020 2338 2152 2367 autem

299 2386 461 2426 exibant
474 2386 616 2426 milites
634 2385 682 2425 ad
707 2384 861 2438 vigilias
891 2382 953 2422 vel
970 2383 1145 2435 angarias
1159 2382 1384 2429 faciendas,
1409 2384 1584 2425 tubicine
1608 2396 1775 2425 vocante
1803 2383 2089 2438 operabantur,
2110 2387 2150 2425 &

300 2442 451 2484 rursum
479 2442 654 2484 tubicine
686 2442 926 2483 admonente
957 2437 1154 2481 cessabant
1179 2467 1193 2487 ,
1232 2442 1399 2483 authore
1420 2444 1593 2497 Vegetio
1618 2442 1688 2483 lib.
1708 2456 1746 2482 2.
1766 2455 1852 2495 cap.
1875 2454 1940 2490 19.
1956 2443 1996 2481 &
2024 2456 2087 2482 22.
2106 2444 2150 2482 &

302 2500 373 2540 lib.
393 2515 430 2552 3.
445 2513 530 2555 cap.
547 2504 584 2541 8.

250 2570 303 2608 24
333 2559 376 2598 M
383 2559 577 2598 unitiones
591 2570 658 2612 per
675 2557 800 2597 Draui
816 2550 983 2597 fluminis
999 2555 1101 2609 ripas
1116 2554 1237 2611 vsque
1250 2556 1299 2597 ad
1311 2557 1463 2598 castella
1477 2558 1674 2612 perductae
1687 2584 1699 2603 2
1714 2572 1763 2599 ne
1776 2556 1903 2599 hostes
1915 2570 1985 2611 per
1999 2557 2153 2597 alueum

305 2617 429 2655 amnis
447 2617 675 2668 nauigantes
686 2641 697 2660 ,
712 2613 880 2655 subitam
892 2614 1064 2668 aliquam
1079 2613 1337 2655 incursionem
1350 2616 1390 2654 in
1405 2617 1614 2669 procestria
1625 2616 1687 2657 vel
1703 2616 1857 2656 castella
1868 2614 2100 2655 molirentur
2113 2619 2144 2653 .'

251 2683 298 2720 ες
336 2674 461 2713 Galea
480 2672 542 2713 seu
557 2672 661 2712 cassis
675 2698 686 2716 ,
706 2673 844 2725 capitis
860 2683 1055 2711 armatura
1069 2683 1187 2716 aenea,
1203 2670 1333 2713 subter
1342 2684 1519 2713 mentum
1533 2673 1684 2726 alligari
1698 2673 1811 2714 solita
1825 2702 1836 2712 .
1859 2670 2154 2713 Consueuerant
2182 2682 2191 2704 .·

306 2729 401 2771 vcro
418 2731 561 2770 milites
576 2743 714 2770 omues
739 2729 851 2783 pileis
863 2754 875 2772 2
901 2742 1004 2782 quos
1016 2730 1263 2769 Pannonicos
1273 2730 1492 2775 vocabant,
1507 2743 1556 2770 ex
1570 2731 1740 2785 pellibus
1752 2732 1828 2773 vti.
1860 2729 1984 2785 Qod
1993 2739 2152 2783 propte..

306 2801 370 2826 rea
384 2787 630 2831 seruabatur,
649 2800 697 2826 ne
712 2787 839 2840 grauis
855 2786 966 2839 galea
990 2786 1187 2826 videretur
1211 2786 1362 2827 homini
1378 2788 1568 2842 in-praelio
1582 2813 1595 2832 ³
1615 2789 1685 2842 qui
1699 2787 1874 2842 gestabat
1890 2786 2039 2840 aliquid
2054 2784 2152 2825 sem-

304 2857 374 2897 per
389 2846 425 2883 in
444 2847 594 2897 capite,
621 2844 794 2897 Vegetio
820 2843 1022 2883 attestante
1035 2843 1104 2883 lib.
1122 2857 1157 2883 1.
1171 2856 1255 2897 cap.
1269 2858 1333 2883 20.
1360 2844 1612 2886 Crediderim
1637 2858 1769 2886 autem
1785 2843 2007 2886 huiusmodi
2024 2842 2153 2896 pileos

306 2901 427 2953 galcis
443 2901 584 2942 assutos
600 2928 613 2946 2
630 2915 679 2942 ne
692 2916 740 2942 aes
753 2912 870 2954 caput
884 2898 1105 2941 offenderet
1117 2926 1128 2945 ,
1142 2899 1230 2941 cum
1245 2901 1505 2943 intercederet
1519 2903 1678 2943 mollius
1695 2902 1847 2957 aliquid
1857 2931 1868 2941 .

250 2964 301 2997 26
333 2958 510 3011 Clypeus
526 2972 643 2998 aereus
661 2959 776 2998 trium
801 2957 946 3010 pedum
963 2957 1129 3011 longus,
1157 2971 1441 3014 nonnunquam
1459 2960 1628 3002 duorum
1640 2986 1654 3006 ‚
1678 2960 1743 3002 vel
1758 2956 1961 3001 minimum
1982 2957 2095 3001 vnius
2109 2958 2151 2997 Sc

303 3013 415 3055 semis
427 3039 439 3058 ³
454 3015 567 3054 militi
579 3017 759 3055 Romano
775 3016 871 3054 olim
885 3015 925 3054 in
939 3014 1006 3056 vsu
1021 3015 1097 3056 fuit
1108 3044 1119 3053 .
1154 3024 1158 3026 ’

249 3086 269 3112 2
280 3086 300 3123 7
333 3071 524 3126 Chlamys
538 3096 549 3114 ‚
567 3072 836 3113 vestimentum
852 3072 1021 3113 militare
1033 3099 1045 3117 ‚
1061 3073 1192 3114 laxum
1204 3098 1217 3118 2
1227 3074 1336 3118 nodo
1347 3075 1409 3116 vel
1429 3075 1551 3117 fibula
1565 3088 1786 3118 connexum
1796 3102 1810 3122 2
1822 3073 1933 3130 quod
1945 3071 2056 3128 supra
2076 3072 2149 3112 hu⁴

304 3142 433 3173 meros
448 3154 460 3172 2
475 3129 536 3169 vel
548 3129 588 3168 in
604 3128 835 3170 alterutrum
849 3129 950 3171 latus
967 3130 1074 3182 reijci
1088 3143 1245 3185 poterat
1257 3158 1270 3178 2
1283 3131 1307 3174 a
1325 3133 1461 3175 Numa
1477 3135 1747 3177 Romanorum
1765 3145 1858 3188 rege
1878 3133 2008 3186 primo
2020 3142 2150 3184 reper-

301 3199 384 3227 tum
401 3213 412 3231 ³
428 3185 593 3226 authore
606 3184 724 3224 Suida
741 3213 750 3223 .
2104 3221 2117 3226 ,,
2140 3203 2143 3206 <

251 3258 270 3284 2
281 3246 302 3284 ὃ
335 3244 497 3298 Sagum,
510 3243 783 3304 vestimentum
797 3241 968 3287 militare
983 3243 1198 3298 perbreue2
1214 3247 1253 3288 &
1265 3244 1517 3303 mainerum,
1531 3262 1612 3294 non
1626 3254 1764 3296 fluens>
1779 3247 1845 3293 sed
1860 3259 1963 3291 artus
1976 3245 2149 3299 vndique

348 3332 352 3336 -
1965 3316 2095 3359 expri-
