<?xml version="1.0" encoding="UTF-8"?>
<!DOCTYPE html PUBLIC "-//W3C//DTD XHTML 1.0 Transitional//EN"
    "http://www.w3.org/TR/xhtml1/DTD/xhtml1-transitional.dtd">
<html xmlns="http://www.w3.org/1999/xhtml" xml:lang="en" lang="en">
 <head>
  <title>
</title>
<meta http-equiv="Content-Type" content="text/html;charset=utf-8" />
  <meta name='ocr-system' content='tesseract 3.04.00' />
  <meta name='ocr-capabilities' content='ocr_page ocr_carea ocr_par ocr_line ocrx_word'/>
</head>
<body>
  <div class='ocr_page' id='page_1' title='image "./raphaelisfabrett00fabr_0435.png"; bbox 0 0 2221 3512; ppageno 0'>
   <div class='ocr_carea' id='block_1_1' title="bbox 3 136 1948 3200">
    <p class='ocr_par' dir='ltr' id='par_1_1' title="bbox 79 136 1948 254">
     <span class='ocr_line' id='line_1_1' title="bbox 79 136 1948 208; baseline 0.005 -27"><span class='ocrx_word' id='word_1_1' title='bbox 79 142 281 187; x_wconf 76' lang='lat' dir='ltr'>redimiri,</span> <span class='ocrx_word' id='word_1_2' title='bbox 307 143 413 183; x_wconf 79' lang='lat' dir='ltr'>vitti&#39;s</span> <span class='ocrx_word' id='word_1_3' title='bbox 433 136 618 198; x_wconf 76' lang='lat' dir='ltr'>vtrinqtie</span> <span class='ocrx_word' id='word_1_4' title='bbox 630 138 910 198; x_wconf 64' lang='lat' dir='ltr'>pendentibu53</span> <span class='ocrx_word' id='word_1_5' title='bbox 929 143 1075 201; x_wconf 85' lang='lat' dir='ltr'>quibus</span> <span class='ocrx_word' id='word_1_6' title='bbox 1089 144 1139 187; x_wconf 85' lang='lat' dir='ltr'>ad</span> <span class='ocrx_word' id='word_1_7' title='bbox 1155 144 1335 202; x_wconf 82' lang='lat' dir='ltr'>synciput</span> <span class='ocrx_word' id='word_1_8' title='bbox 1349 143 1606 203; x_wconf 61' lang='lat' dir='ltr'>alligareturss</span> <span class='ocrx_word' id='word_1_9' title='bbox 1636 150 1727 208; x_wconf 85' lang='lat' dir='ltr'>Qa</span> <span class='ocrx_word' id='word_1_10' title='bbox 1749 152 1865 195; x_wconf 87' lang='lat' dir='ltr'>semel</span> <span class='ocrx_word' id='word_1_11' title='bbox 1881 153 1948 197; x_wconf 78' lang='lat' dir='ltr'>ac.&#39;</span> 
     </span>
     <span class='ocr_line' id='line_1_2' title="bbox 87 199 681 254; baseline 0.002 -15"><span class='ocrx_word' id='word_1_12' title='bbox 87 213 216 253; x_wconf 80' lang='lat' dir='ltr'>cepta,</span> <span class='ocrx_word' id='word_1_13' title='bbox 231 199 426 254; x_wconf 74' lang='lat' dir='ltr'>perpetuo</span> <span class='ocrx_word' id='word_1_14' title='bbox 442 201 498 242; x_wconf 84' lang='lat' dir='ltr'>vti</span> <span class='ocrx_word' id='word_1_15' title='bbox 511 200 659 242; x_wconf 84' lang='lat' dir='ltr'>licebat</span> <span class='ocrx_word' id='word_1_16' title='bbox 671 230 681 240; x_wconf 92' lang='lat'><strong>.</strong></span> 
     </span>
    </p>

    <p class='ocr_par' dir='ltr' id='par_1_2' title="bbox 41 257 1941 602">
     <span class='ocr_line' id='line_1_3' title="bbox 41 257 1941 321; baseline 0.006 -23"><span class='ocrx_word' id='word_1_17' title='bbox 41 258 57 283; x_wconf 73' lang='lat'>&#39;‘</span> <span class='ocrx_word' id='word_1_18' title='bbox 118 262 151 299; x_wconf 79' lang='lat' dir='ltr'><em>E</em></span> <span class='ocrx_word' id='word_1_19' title='bbox 167 258 218 297; x_wconf 80' lang='lat' dir='ltr'>da</span> <span class='ocrx_word' id='word_1_20' title='bbox 230 257 428 308; x_wconf 75' lang='lat' dir='ltr'>annotatfi</span> <span class='ocrx_word' id='word_1_21' title='bbox 436 258 498 299; x_wconf 87' lang='lat' dir='ltr'>che</span> <span class='ocrx_word' id='word_1_22' title='bbox 508 258 675 312; x_wconf 80' lang='lat' dir='ltr'>l’Aquila</span> <span class='ocrx_word' id='word_1_23' title='bbox 691 262 863 300; x_wconf 84' lang='lat' dir='ltr'>Romana</span> <span class='ocrx_word' id='word_1_24' title='bbox 879 258 1042 314; x_wconf 64' lang='lat' dir='ltr'>insigna,</span> <span class='ocrx_word' id='word_1_25' title='bbox 1055 260 1101 300; x_wconf 83' lang='lat' dir='ltr'>vi</span> <span class='ocrx_word' id='word_1_26' title='bbox 1116 262 1135 300; x_wconf 73' lang='grc' dir='ltr'><em>ἑ</em></span> <span class='ocrx_word' id='word_1_27' title='bbox 1142 259 1243 313; x_wconf 76' lang='lat' dir='ltr'>pcsta</span> <span class='ocrx_word' id='word_1_28' title='bbox 1261 275 1306 301; x_wconf 83' lang='lat' dir='ltr'>ne</span> <span class='ocrx_word' id='word_1_29' title='bbox 1316 272 1468 316; x_wconf 81' lang='lat' dir='ltr'>quattro</span> <span class='ocrx_word' id='word_1_30' title='bbox 1478 263 1551 304; x_wconf 84' lang='lat' dir='ltr'>lati</span> <span class='ocrx_word' id='word_1_31' title='bbox 1564 265 1626 304; x_wconf 84' lang='lat' dir='ltr'>del</span> <span class='ocrx_word' id='word_1_32' title='bbox 1639 264 1863 318; x_wconf 75' lang='lat' dir='ltr'>bafizmento,</span> <span class='ocrx_word' id='word_1_33' title='bbox 1874 282 1941 321; x_wconf 81' lang='lat' dir='ltr'>per</span> 
     </span>
     <span class='ocr_line' id='line_1_4' title="bbox 74 315 1939 378; baseline 0.007 -25"><span class='ocrx_word' id='word_1_34' title='bbox 74 315 204 369; x_wconf 83' lang='lat' dir='ltr'>-gloria</span> <span class='ocrx_word' id='word_1_35' title='bbox 219 342 230 360; x_wconf 78' lang='lat'>,</span> <span class='ocrx_word' id='word_1_36' title='bbox 241 317 289 360; x_wconf 65' lang='grc' dir='ltr'>ὠ»</span> <span class='ocrx_word' id='word_1_37' title='bbox 301 326 511 356; x_wconf 82' lang='lat' dir='ltr'>ornamento</span> <span class='ocrx_word' id='word_1_38' title='bbox 526 315 703 367; x_wconf 79' lang='lat' dir='ltr'>trionfale</span> <span class='ocrx_word' id='word_1_39' title='bbox 716 317 847 369; x_wconf 77' lang='lat' dir='ltr'>‚fhpra</span> <span class='ocrx_word' id='word_1_40' title='bbox 863 316 995 369; x_wconf 87' lang='lat' dir='ltr'>itrofei</span> <span class='ocrx_word' id='word_1_41' title='bbox 999 317 1160 372; x_wconf 82' lang='lat' dir='ltr'>pofimdo</span> <span class='ocrx_word' id='word_1_42' title='bbox 1162 319 1275 372; x_wconf 80' lang='lat' dir='ltr'>sopra</span> <span class='ocrx_word' id='word_1_43' title='bbox 1290 320 1318 359; x_wconf 92' lang='lat' dir='ltr'>il</span> <span class='ocrx_word' id='word_1_44' title='bbox 1322 321 1446 374; x_wconf 83' lang='lat' dir='ltr'>guscio</span> <span class='ocrx_word' id='word_1_45' title='bbox 1461 347 1473 366; x_wconf 80' lang='grc'>,</span> <span class='ocrx_word' id='word_1_46' title='bbox 1489 335 1533 361; x_wconf 84' lang='lat' dir='ltr'>ne</span> <span class='ocrx_word' id='word_1_47' title='bbox 1546 325 1565 362; x_wconf 71' lang='grc' dir='ltr'><em>ἐ</em></span> <span class='ocrx_word' id='word_1_48' title='bbox 1568 323 1755 375; x_wconf 79' lang='lat' dir='ltr'>probabile</span> <span class='ocrx_word' id='word_1_49' title='bbox 1769 326 1796 364; x_wconf 91' lang='lat' dir='ltr'>il</span> <span class='ocrx_word' id='word_1_50' title='bbox 1806 339 1939 378; x_wconf 84' lang='lat' dir='ltr'>parere</span> 
     </span>
     <span class='ocr_line' id='line_1_5' title="bbox 77 373 1934 435; baseline 0.006 -24"><span class='ocrx_word' id='word_1_51' title='bbox 77 373 149 412; x_wconf 36' lang='lat' dir='ltr'>*a‘el</span> <span class='ocrx_word' id='word_1_52' title='bbox 164 373 336 414; x_wconf 74' lang='lat' dir='ltr'>Ciaccone</span> <span class='ocrx_word' id='word_1_53' title='bbox 349 374 390 413; x_wconf 82' lang='lat' dir='ltr'>al</span> <span class='ocrx_word' id='word_1_54' title='bbox 401 386 502 414; x_wconf 85' lang='lat' dir='ltr'>num.</span> <span class='ocrx_word' id='word_1_55' title='bbox 517 375 555 414; x_wconf 84' lang='lat'>8.</span> <span class='ocrx_word' id='word_1_56' title='bbox 568 387 588 412; x_wconf 86' lang='lat' dir='ltr'>e</span> <span class='ocrx_word' id='word_1_57' title='bbox 601 388 641 422; x_wconf 90' lang='lat'>9.</span> <span class='ocrx_word' id='word_1_58' title='bbox 657 373 718 413; x_wconf 86' lang='lat' dir='ltr'>che</span> <span class='ocrx_word' id='word_1_59' title='bbox 731 388 794 413; x_wconf 86' lang='lat' dir='ltr'>con</span> <span class='ocrx_word' id='word_1_60' title='bbox 807 375 975 430; x_wconf 82' lang='lat' dir='ltr'>l&#39;vnghie</span> <span class='ocrx_word' id='word_1_61' title='bbox 997 386 1146 430; x_wconf 83' lang='lat' dir='ltr'>tengono</span> <span class='ocrx_word' id='word_1_62' title='bbox 1162 376 1174 414; x_wconf 88' lang='lat' dir='ltr'>i</span> <span class='ocrx_word' id='word_1_63' title='bbox 1187 377 1279 417; x_wconf 84' lang='lat' dir='ltr'>lacci</span> <span class='ocrx_word' id='word_1_64' title='bbox 1294 378 1354 416; x_wconf 88' lang='lat' dir='ltr'>del</span> <span class='ocrx_word' id='word_1_65' title='bbox 1356 373 1501 430; x_wconf 85' lang='lat' dir='ltr'>festone</span> <span class='ocrx_word' id='word_1_66' title='bbox 1515 380 1555 419; x_wconf 81' lang='lat' dir='ltr'>di</span> <span class='ocrx_word' id='word_1_67' title='bbox 1577 381 1723 433; x_wconf 83' lang='lat' dir='ltr'><em>quercia</em></span> <span class='ocrx_word' id='word_1_68' title='bbox 1737 408 1750 426; x_wconf 80' lang='lat'>‚</span> <span class='ocrx_word' id='word_1_69' title='bbox 1769 395 1836 434; x_wconf 83' lang='lat' dir='ltr'>per</span> <span class='ocrx_word' id='word_1_70' title='bbox 1841 383 1934 435; x_wconf 85' lang='lat' dir='ltr'>for-</span> 
     </span>
     <span class='ocr_line' id='line_1_6' title="bbox 78 429 1935 490; baseline 0.005 -19"><span class='ocrx_word' id='word_1_71' title='bbox 78 444 219 471; x_wconf 71' lang='lat' dir='ltr'>‘marne</span> <span class='ocrx_word' id='word_1_72' title='bbox 234 432 273 471; x_wconf 87' lang='lat' dir='ltr'>la</span> <span class='ocrx_word' id='word_1_73' title='bbox 288 435 427 472; x_wconf 82' lang='lat' dir='ltr'>Corona</span> <span class='ocrx_word' id='word_1_74' title='bbox 449 429 563 471; x_wconf 84' lang='lat' dir='ltr'>ciuica</span> <span class='ocrx_word' id='word_1_75' title='bbox 580 456 592 476; x_wconf 83' lang='lat'>‚</span> <span class='ocrx_word' id='word_1_76' title='bbox 608 444 627 471; x_wconf 91' lang='lat' dir='ltr'>e</span> <span class='ocrx_word' id='word_1_77' title='bbox 640 431 679 471; x_wconf 88' lang='lat' dir='ltr'>la</span> <span class='ocrx_word' id='word_1_78' title='bbox 694 445 824 472; x_wconf 87' lang='lat' dir='ltr'>corona</span> <span class='ocrx_word' id='word_1_79' title='bbox 845 432 885 472; x_wconf 85' lang='lat' dir='ltr'>di</span> <span class='ocrx_word' id='word_1_80' title='bbox 898 432 1004 472; x_wconf 77' lang='lat' dir='ltr'>lauro</span> <span class='ocrx_word' id='word_1_81' title='bbox 1019 447 1082 473; x_wconf 75' lang='lat' dir='ltr'>con</span> <span class='ocrx_word' id='word_1_82' title='bbox 1095 433 1366 486; x_wconf 65' lang='lat' dir='ltr'>l&#39;altrofqstone</span> <span class='ocrx_word' id='word_1_83' title='bbox 1385 436 1425 474; x_wconf 83' lang='lat' dir='ltr'>di</span> <span class='ocrx_word' id='word_1_84' title='bbox 1436 436 1542 476; x_wconf 84' lang='lat' dir='ltr'>lauro</span> <span class='ocrx_word' id='word_1_85' title='bbox 1552 438 1740 490; x_wconf 85' lang='lat' dir='ltr'><em>superiore</em></span> <span class='ocrx_word' id='word_1_86' title='bbox 1754 440 1812 479; x_wconf 83' lang='lat' dir='ltr'>nel</span> <span class='ocrx_word' id='word_1_87' title='bbox 1827 451 1901 480; x_wconf 83' lang='lat' dir='ltr'>toro</span> <span class='ocrx_word' id='word_1_88' title='bbox 1921 468 1935 487; x_wconf 87' lang='lat'>,</span> 
     </span>
     <span class='ocr_line' id='line_1_7' title="bbox 81 486 1940 551; baseline 0.005 -24"><span class='ocrx_word' id='word_1_89' title='bbox 81 488 205 541; x_wconf 85' lang='lat' dir='ltr'>poiche</span> <span class='ocrx_word' id='word_1_90' title='bbox 219 489 322 529; x_wconf 85' lang='lat' dir='ltr'>l&#39;vno</span> <span class='ocrx_word' id='word_1_91' title='bbox 334 516 346 535; x_wconf 84' lang='lat'>‚</span> <span class='ocrx_word' id='word_1_92' title='bbox 376 503 395 529; x_wconf 87' lang='lat' dir='ltr'>e</span> <span class='ocrx_word' id='word_1_93' title='bbox 405 486 677 541; x_wconf 77' lang='lat' dir='ltr'>I&#39;altrofl’stone</span> <span class='ocrx_word' id='word_1_94' title='bbox 687 489 732 528; x_wconf 85' lang='lat' dir='ltr'>vi</span> <span class='ocrx_word' id='word_1_95' title='bbox 743 492 765 529; x_wconf 72' lang='grc' dir='ltr'><em>ἐ</em></span> <span class='ocrx_word' id='word_1_96' title='bbox 773 488 867 543; x_wconf 83' lang='lat' dir='ltr'>posto</span> <span class='ocrx_word' id='word_1_97' title='bbox 883 502 951 543; x_wconf 84' lang='lat' dir='ltr'>per</span> <span class='ocrx_word' id='word_1_98' title='bbox 962 501 1171 532; x_wconf 82' lang='lat' dir='ltr'>ornamento</span> <span class='ocrx_word' id='word_1_99' title='bbox 1184 517 1198 536; x_wconf 84' lang='lat'>,</span> <span class='ocrx_word' id='word_1_100' title='bbox 1220 506 1239 531; x_wconf 85' lang='lat' dir='ltr'>e</span> <span class='ocrx_word' id='word_1_101' title='bbox 1256 492 1290 532; x_wconf 84' lang='lat' dir='ltr'>le</span> <span class='ocrx_word' id='word_1_102' title='bbox 1302 507 1423 533; x_wconf 85' lang='lat' dir='ltr'>corone</span> <span class='ocrx_word' id='word_1_103' title='bbox 1437 495 1477 533; x_wconf 81' lang='lat' dir='ltr'>di</span> <span class='ocrx_word' id='word_1_104' title='bbox 1493 496 1640 548; x_wconf 80' lang='lat' dir='ltr'><em>quercia</em></span> <span class='ocrx_word' id='word_1_105' title='bbox 1657 522 1670 541; x_wconf 79' lang='lat'>‚</span> <span class='ocrx_word' id='word_1_106' title='bbox 1698 510 1717 535; x_wconf 83' lang='lat' dir='ltr'>e</span> <span class='ocrx_word' id='word_1_107' title='bbox 1730 497 1771 537; x_wconf 80' lang='lat' dir='ltr'>di</span> <span class='ocrx_word' id='word_1_108' title='bbox 1782 498 1886 538; x_wconf 86' lang='lat' dir='ltr'>lauro</span> <span class='ocrx_word' id='word_1_109' title='bbox 1894 499 1940 551; x_wconf 80' lang='lat' dir='ltr'><em>st</em></span> 
     </span>
     <span class='ocr_line' id='line_1_8' title="bbox 85 545 783 602; baseline 0 -16"><span class='ocrx_word' id='word_1_110' title='bbox 85 548 283 587; x_wconf 82' lang='lat' dir='ltr'>vedranno</span> <span class='ocrx_word' id='word_1_111' title='bbox 300 545 524 602; x_wconf 81' lang='lat' dir='ltr'>nelfinefra</span> <span class='ocrx_word' id='word_1_112' title='bbox 540 546 574 586; x_wconf 87' lang='lat' dir='ltr'>le</span> <span class='ocrx_word' id='word_1_113' title='bbox 584 546 783 601; x_wconf 84' lang='lat' dir='ltr'>medaglie.</span> 
     </span>
    </p>

    <p class='ocr_par' dir='ltr' id='par_1_3' title="bbox 36 605 1934 661">
     <span class='ocr_line' id='line_1_9' title="bbox 36 605 1934 661; baseline 0.004 -15"><span class='ocrx_word' id='word_1_114' title='bbox 36 615 54 651; x_wconf 80' lang='lat'><strong>9</strong></span> <span class='ocrx_word' id='word_1_115' title='bbox 116 607 280 649; x_wconf 85' lang='lat' dir='ltr'>Corona</span> <span class='ocrx_word' id='word_1_116' title='bbox 294 606 426 648; x_wconf 84' lang='lat' dir='ltr'>laurea</span> <span class='ocrx_word' id='word_1_117' title='bbox 438 605 609 646; x_wconf 89' lang='lat' dir='ltr'>Traiano</span> <span class='ocrx_word' id='word_1_118' title='bbox 624 605 674 645; x_wconf 88' lang='lat' dir='ltr'>de</span> <span class='ocrx_word' id='word_1_119' title='bbox 689 606 812 646; x_wconf 88' lang='lat' dir='ltr'>Dacis</span> <span class='ocrx_word' id='word_1_120' title='bbox 827 607 866 646; x_wconf 75' lang='grc' dir='ltr'>δε</span> <span class='ocrx_word' id='word_1_121' title='bbox 878 605 1061 646; x_wconf 86' lang='lat' dir='ltr'>Sarmatis</span> <span class='ocrx_word' id='word_1_122' title='bbox 1076 606 1355 661; x_wconf 86' lang='lat' dir='ltr'>triumphanti,</span> <span class='ocrx_word' id='word_1_123' title='bbox 1381 608 1403 648; x_wconf 73' lang='lat' dir='ltr'>a</span> <span class='ocrx_word' id='word_1_124' title='bbox 1428 609 1573 650; x_wconf 83' lang='lat' dir='ltr'>Senatu</span> <span class='ocrx_word' id='word_1_125' title='bbox 1590 613 1722 652; x_wconf 79' lang='lat' dir='ltr'>Romae</span> <span class='ocrx_word' id='word_1_126' title='bbox 1737 613 1787 652; x_wconf 89' lang='lat' dir='ltr'>de</span> <span class='ocrx_word' id='word_1_127' title='bbox 1801 627 1934 655; x_wconf 60' lang='lat' dir='ltr'>more)</span> 
     </span>
    </p>

    <p class='ocr_par' dir='ltr' id='par_1_4' title="bbox 32 661 1933 775">
     <span class='ocr_line' id='line_1_10' title="bbox 32 661 1933 725; baseline 0.005 -24"><span class='ocrx_word' id='word_1_128' title='bbox 32 676 34 714; x_wconf 49' lang='lat' dir='ltr'><strong>J</strong></span> <span class='ocrx_word' id='word_1_129' title='bbox 80 661 176 704; x_wconf 84' lang='lat' dir='ltr'>data</span> <span class='ocrx_word' id='word_1_130' title='bbox 189 691 201 703; x_wconf 85' lang='lat'><strong>.</strong></span> <span class='ocrx_word' id='word_1_131' title='bbox 229 662 401 704; x_wconf 80' lang='lat' dir='ltr'>Coronae</span> <span class='ocrx_word' id='word_1_132' title='bbox 415 674 546 704; x_wconf 82' lang='lat' dir='ltr'>autem</span> <span class='ocrx_word' id='word_1_133' title='bbox 561 662 817 717; x_wconf 76' lang='lat' dir='ltr'>triumphales</span> <span class='ocrx_word' id='word_1_134' title='bbox 831 663 999 717; x_wconf 77' lang='lat' dir='ltr'>primum</span> <span class='ocrx_word' id='word_1_135' title='bbox 1017 676 1064 703; x_wconf 81' lang='lat' dir='ltr'>ex</span> <span class='ocrx_word' id='word_1_136' title='bbox 1077 664 1202 708; x_wconf 79' lang='lat' dir='ltr'>lauro,</span> <span class='ocrx_word' id='word_1_137' title='bbox 1214 664 1305 705; x_wconf 89' lang='lat' dir='ltr'>dein</span> <span class='ocrx_word' id='word_1_138' title='bbox 1317 678 1366 705; x_wconf 83' lang='lat' dir='ltr'>ex</span> <span class='ocrx_word' id='word_1_139' title='bbox 1377 679 1473 705; x_wconf 89' lang='lat' dir='ltr'>auro</span> <span class='ocrx_word' id='word_1_140' title='bbox 1487 668 1682 720; x_wconf 73' lang='lat' dir='ltr'>puriffimo</span> <span class='ocrx_word' id='word_1_141' title='bbox 1693 668 1777 710; x_wconf 84' lang='lat' dir='ltr'>fieri</span> <span class='ocrx_word' id='word_1_142' title='bbox 1788 684 1933 725; x_wconf 62' lang='lat' dir='ltr'>coepte:</span> 
     </span>
     <span class='ocr_line' id='line_1_11' title="bbox 80 718 1570 775; baseline 0.002 -14"><span class='ocrx_word' id='word_1_143' title='bbox 80 720 188 761; x_wconf 86' lang='lat' dir='ltr'>vnde</span> <span class='ocrx_word' id='word_1_144' title='bbox 204 733 341 762; x_wconf 88' lang='lat' dir='ltr'>aurum</span> <span class='ocrx_word' id='word_1_145' title='bbox 356 721 502 762; x_wconf 62' lang='lat' dir='ltr'>dic‘ium</span> <span class='ocrx_word' id='word_1_146' title='bbox 518 721 766 762; x_wconf 79' lang='lat' dir='ltr'>coronarium</span> <span class='ocrx_word' id='word_1_147' title='bbox 784 747 796 765; x_wconf 60' lang='lat'>2</span> <span class='ocrx_word' id='word_1_148' title='bbox 813 720 923 774; x_wconf 77' lang='lat' dir='ltr'>quod</span> <span class='ocrx_word' id='word_1_149' title='bbox 939 718 1031 760; x_wconf 72' lang='lat' dir='ltr'>estet</span> <span class='ocrx_word' id='word_1_150' title='bbox 1041 723 1218 761; x_wconf 90' lang='lat' dir='ltr'>omnium</span> <span class='ocrx_word' id='word_1_151' title='bbox 1234 722 1539 775; x_wconf 83' lang='lat' dir='ltr'>probatiffimum</span> <span class='ocrx_word' id='word_1_152' title='bbox 1559 753 1570 764; x_wconf 89' lang='lat'><strong>.</strong></span> 
     </span>
    </p>

    <p class='ocr_par' dir='ltr' id='par_1_5' title="bbox 23 777 1936 1066">
     <span class='ocr_line' id='line_1_12' title="bbox 23 777 1935 834; baseline 0.005 -18"><span class='ocrx_word' id='word_1_153' title='bbox 23 787 81 817; x_wconf 81' lang='lat'>:10</span> <span class='ocrx_word' id='word_1_154' title='bbox 111 779 198 819; x_wconf 92' lang='lat' dir='ltr'>Dio</span> <span class='ocrx_word' id='word_1_155' title='bbox 214 777 362 821; x_wconf 82' lang='lat' dir='ltr'>Caffius</span> <span class='ocrx_word' id='word_1_156' title='bbox 380 779 540 820; x_wconf 81' lang='lat' dir='ltr'>Graecus</span> <span class='ocrx_word' id='word_1_157' title='bbox 551 779 696 819; x_wconf 83' lang='lat' dir='ltr'>author</span> <span class='ocrx_word' id='word_1_158' title='bbox 707 777 837 818; x_wconf 90' lang='lat' dir='ltr'>censet</span> <span class='ocrx_word' id='word_1_159' title='bbox 849 778 1089 820; x_wconf 74' lang='lat' dir='ltr'>Columnam</span> <span class='ocrx_word' id='word_1_160' title='bbox 1104 779 1202 819; x_wconf 89' lang='lat' dir='ltr'>hanc</span> <span class='ocrx_word' id='word_1_161' title='bbox 1214 779 1263 819; x_wconf 90' lang='lat' dir='ltr'>ab</span> <span class='ocrx_word' id='word_1_162' title='bbox 1275 779 1443 834; x_wconf 88' lang='lat' dir='ltr'>ipsomet</span> <span class='ocrx_word' id='word_1_163' title='bbox 1455 783 1624 823; x_wconf 86' lang='lat' dir='ltr'>Traiano</span> <span class='ocrx_word' id='word_1_164' title='bbox 1636 784 1935 831; x_wconf 61' lang='lat' dir='ltr'>constructam,</span> 
     </span>
     <span class='ocr_line' id='line_1_13' title="bbox 81 834 1933 897; baseline 0.003 -19"><span class='ocrx_word' id='word_1_165' title='bbox 81 839 125 878; x_wconf 72' lang='grc' dir='ltr'>δε</span> <span class='ocrx_word' id='word_1_166' title='bbox 142 835 366 891; x_wconf 86' lang='lat' dir='ltr'>priusquam</span> <span class='ocrx_word' id='word_1_167' title='bbox 383 836 433 877; x_wconf 87' lang='lat' dir='ltr'>ad</span> <span class='ocrx_word' id='word_1_168' title='bbox 448 836 604 877; x_wconf 84' lang='lat' dir='ltr'>Bellum</span> <span class='ocrx_word' id='word_1_169' title='bbox 623 834 933 892; x_wconf 82' lang='lat' dir='ltr'>proficisceretur</span> <span class='ocrx_word' id='word_1_170' title='bbox 951 836 1201 881; x_wconf 75' lang='lat' dir='ltr'>Parthicum,</span> <span class='ocrx_word' id='word_1_171' title='bbox 1216 835 1356 878; x_wconf 70' lang='lat' dir='ltr'>factam</span> <span class='ocrx_word' id='word_1_172' title='bbox 1377 854 1385 877; x_wconf 72' lang='grc' dir='ltr'><strong><em>ε</em></strong></span> <span class='ocrx_word' id='word_1_173' title='bbox 1404 850 1586 879; x_wconf 90' lang='lat' dir='ltr'>neutrum</span> <span class='ocrx_word' id='word_1_174' title='bbox 1603 852 1734 881; x_wconf 84' lang='lat' dir='ltr'>tamen</span> <span class='ocrx_word' id='word_1_175' title='bbox 1762 855 1933 897; x_wconf 80' lang='lat' dir='ltr'>antiquae</span> 
     </span>
     <span class='ocr_line' id='line_1_14' title="bbox 81 891 1933 954; baseline 0.002 -19"><span class='ocrx_word' id='word_1_176' title='bbox 81 892 343 948; x_wconf 75' lang='lat' dir='ltr'>inscriptioni,</span> <span class='ocrx_word' id='word_1_177' title='bbox 358 893 436 935; x_wconf 84' lang='lat' dir='ltr'>bafi</span> <span class='ocrx_word' id='word_1_178' title='bbox 453 893 659 936; x_wconf 85' lang='lat' dir='ltr'>Columnae</span> <span class='ocrx_word' id='word_1_179' title='bbox 675 891 932 947; x_wconf 66' lang='lat' dir='ltr'>superadditae</span> <span class='ocrx_word' id='word_1_180' title='bbox 946 919 959 938; x_wconf 82' lang='lat'>‚</span> <span class='ocrx_word' id='word_1_181' title='bbox 973 892 1168 935; x_wconf 82' lang='lat' dir='ltr'>consentit</span> <span class='ocrx_word' id='word_1_182' title='bbox 1183 909 1192 933; x_wconf 77' lang='grc' dir='ltr'><strong><em>ε</em></strong></span> <span class='ocrx_word' id='word_1_183' title='bbox 1208 907 1295 949; x_wconf 86' lang='lat' dir='ltr'>quae</span> <span class='ocrx_word' id='word_1_184' title='bbox 1310 894 1333 935; x_wconf 73' lang='lat' dir='ltr'>a</span> <span class='ocrx_word' id='word_1_185' title='bbox 1349 895 1388 935; x_wconf 86' lang='lat' dir='ltr'>S.</span> <span class='ocrx_word' id='word_1_186' title='bbox 1400 898 1447 936; x_wconf 87' lang='lat' dir='ltr'>P.</span> <span class='ocrx_word' id='word_1_187' title='bbox 1461 898 1575 954; x_wconf 69' lang='lat' dir='ltr'>QR.</span> <span class='ocrx_word' id='word_1_188' title='bbox 1593 901 1631 938; x_wconf 91' lang='lat'>&amp;</span> <span class='ocrx_word' id='word_1_189' title='bbox 1646 898 1762 952; x_wconf 83' lang='lat' dir='ltr'>ipfius</span> <span class='ocrx_word' id='word_1_190' title='bbox 1784 902 1933 940; x_wconf 57' lang='lat' dir='ltr'>etiams</span> 
     </span>
     <span class='ocr_line' id='line_1_15' title="bbox 81 949 1936 1006; baseline 0.002 -13"><span class='ocrx_word' id='word_1_191' title='bbox 81 949 303 1006; x_wconf 86' lang='lat' dir='ltr'>sumptibus</span> <span class='ocrx_word' id='word_1_192' title='bbox 317 954 484 993; x_wconf 61' lang='lat' dir='ltr'>erectam</span> <span class='ocrx_word' id='word_1_193' title='bbox 499 950 635 1006; x_wconf 76' lang='lat' dir='ltr'>aperte</span> <span class='ocrx_word' id='word_1_194' title='bbox 645 950 869 1006; x_wconf 82' lang='lat' dir='ltr'>profitetur.</span> <span class='ocrx_word' id='word_1_195' title='bbox 884 949 1072 1006; x_wconf 75' lang='lat' dir='ltr'>Cumque</span> <span class='ocrx_word' id='word_1_196' title='bbox 1086 950 1128 992; x_wconf 92' lang='lat' dir='ltr'>id</span> <span class='ocrx_word' id='word_1_197' title='bbox 1142 951 1331 993; x_wconf 84' lang='lat' dir='ltr'>acciderit</span> <span class='ocrx_word' id='word_1_198' title='bbox 1350 967 1364 993; x_wconf 94' lang='lat'>1</span> <span class='ocrx_word' id='word_1_199' title='bbox 1374 954 1575 1002; x_wconf 87' lang='lat' dir='ltr'>7.Traiani</span> <span class='ocrx_word' id='word_1_200' title='bbox 1589 956 1722 996; x_wconf 85' lang='lat' dir='ltr'>Plebis</span> <span class='ocrx_word' id='word_1_201' title='bbox 1739 956 1936 998; x_wconf 69' lang='lat' dir='ltr'>Tribuna-</span> 
     </span>
     <span class='ocr_line' id='line_1_16' title="bbox 74 1005 1934 1066; baseline 0.002 -15"><span class='ocrx_word' id='word_1_202' title='bbox 74 1021 127 1051; x_wconf 90' lang='lat' dir='ltr'>·tu</span> <span class='ocrx_word' id='word_1_203' title='bbox 139 1034 152 1053; x_wconf 68' lang='lat'><em>2</em></span> <span class='ocrx_word' id='word_1_204' title='bbox 169 1010 298 1064; x_wconf 90' lang='lat' dir='ltr'>liquet</span> <span class='ocrx_word' id='word_1_205' title='bbox 312 1011 396 1050; x_wconf 89' lang='lat' dir='ltr'>eius</span> <span class='ocrx_word' id='word_1_206' title='bbox 409 1009 566 1064; x_wconf 84' lang='lat' dir='ltr'>Imperij</span> <span class='ocrx_word' id='word_1_207' title='bbox 578 1023 682 1050; x_wconf 87' lang='lat' dir='ltr'>anno</span> <span class='ocrx_word' id='word_1_208' title='bbox 704 1022 712 1047; x_wconf 87' lang='grc' dir='ltr'>ι</span> <span class='ocrx_word' id='word_1_209' title='bbox 725 1022 763 1059; x_wconf 84' lang='grc'>7.</span> <span class='ocrx_word' id='word_1_210' title='bbox 778 1005 890 1049; x_wconf 71' lang='lat' dir='ltr'>fuisse</span> <span class='ocrx_word' id='word_1_211' title='bbox 905 1008 1074 1049; x_wconf 89' lang='lat' dir='ltr'>dicatam</span> <span class='ocrx_word' id='word_1_212' title='bbox 1087 1036 1098 1047; x_wconf 89' lang='lat'><strong>.</strong></span> <span class='ocrx_word' id='word_1_213' title='bbox 1113 1019 1117 1023; x_wconf 87' lang='grc'><strong>’</strong></span> <span class='ocrx_word' id='word_1_214' title='bbox 1139 1009 1328 1051; x_wconf 83' lang='lat' dir='ltr'>Totidem</span> <span class='ocrx_word' id='word_1_215' title='bbox 1341 1024 1512 1066; x_wconf 87' lang='lat' dir='ltr'>namque</span> <span class='ocrx_word' id='word_1_216' title='bbox 1527 1025 1651 1054; x_wconf 86' lang='lat' dir='ltr'>annos</span> <span class='ocrx_word' id='word_1_217' title='bbox 1678 1013 1934 1057; x_wconf 58' lang='lat' dir='ltr'>Tribunicia,</span> 
     </span>
    </p>

    <p class='ocr_par' dir='ltr' id='par_1_6' title="bbox 27 1064 1935 1241">
     <span class='ocr_line' id='line_1_17' title="bbox 27 1064 1934 1123; baseline 0.002 -15"><span class='ocrx_word' id='word_1_218' title='bbox 27 1085 29 1089; x_wconf 88' lang='grc'><em>·</em></span> <span class='ocrx_word' id='word_1_219' title='bbox 81 1066 281 1108; x_wconf 89' lang='lat' dir='ltr'>Potestate</span> <span class='ocrx_word' id='word_1_220' title='bbox 299 1067 468 1108; x_wconf 84' lang='lat' dir='ltr'>Caesares</span> <span class='ocrx_word' id='word_1_221' title='bbox 482 1066 603 1108; x_wconf 69' lang='lat' dir='ltr'>funcsti</span> <span class='ocrx_word' id='word_1_222' title='bbox 619 1092 632 1111; x_wconf 68' lang='lat'>2</span> <span class='ocrx_word' id='word_1_223' title='bbox 647 1079 749 1121; x_wconf 88' lang='lat' dir='ltr'>quot</span> <span class='ocrx_word' id='word_1_224' title='bbox 763 1067 929 1120; x_wconf 89' lang='lat' dir='ltr'>imperio</span> <span class='ocrx_word' id='word_1_225' title='bbox 944 1064 1131 1120; x_wconf 78' lang='lat' dir='ltr'>praefuere</span> <span class='ocrx_word' id='word_1_226' title='bbox 1143 1095 1154 1106; x_wconf 90' lang='lat'><strong>.</strong></span> <span class='ocrx_word' id='word_1_227' title='bbox 1186 1069 1282 1120; x_wconf 86' lang='lat' dir='ltr'>Qo</span> <span class='ocrx_word' id='word_1_228' title='bbox 1297 1067 1403 1109; x_wconf 80' lang='lat' dir='ltr'>certe</span> <span class='ocrx_word' id='word_1_229' title='bbox 1418 1081 1598 1123; x_wconf 84' lang='lat' dir='ltr'>tempore</span> <span class='ocrx_word' id='word_1_230' title='bbox 1611 1071 1801 1111; x_wconf 90' lang='lat' dir='ltr'>Traianus</span> <span class='ocrx_word' id='word_1_231' title='bbox 1818 1072 1934 1113; x_wconf 81' lang='lat' dir='ltr'>Italia</span> 
     </span>
     <span class='ocr_line' id='line_1_18' title="bbox 77 1123 1935 1179; baseline 0.002 -15"><span class='ocrx_word' id='word_1_232' title='bbox 77 1123 422 1169; x_wconf 51' lang='lat' dir='ltr'>«aberatd’arthico</span> <span class='ocrx_word' id='word_1_233' title='bbox 438 1128 476 1166; x_wconf 73' lang='grc' dir='ltr'>δι</span> <span class='ocrx_word' id='word_1_234' title='bbox 491 1123 731 1165; x_wconf 85' lang='lat' dir='ltr'>Armeniaco</span> <span class='ocrx_word' id='word_1_235' title='bbox 745 1123 865 1165; x_wconf 89' lang='lat' dir='ltr'>Bellis</span> <span class='ocrx_word' id='word_1_236' title='bbox 878 1123 1078 1164; x_wconf 76' lang='lat' dir='ltr'>distentus.</span> <span class='ocrx_word' id='word_1_237' title='bbox 1105 1123 1391 1179; x_wconf 89' lang='lat' dir='ltr'>Incidebatque</span> <span class='ocrx_word' id='word_1_238' title='bbox 1401 1127 1441 1165; x_wconf 90' lang='lat' dir='ltr'>in</span> <span class='ocrx_word' id='word_1_239' title='bbox 1453 1139 1597 1168; x_wconf 89' lang='lat' dir='ltr'>annum</span> <span class='ocrx_word' id='word_1_240' title='bbox 1610 1127 1660 1169; x_wconf 89' lang='lat' dir='ltr'>ab</span> <span class='ocrx_word' id='word_1_241' title='bbox 1673 1128 1781 1170; x_wconf 86' lang='lat' dir='ltr'>Vrbe</span> <span class='ocrx_word' id='word_1_242' title='bbox 1793 1129 1935 1169; x_wconf 91' lang='lat' dir='ltr'>condi-</span> 
     </span>
     <span class='ocr_line' id='line_1_19' title="bbox 76 1179 1934 1241; baseline 0.003 -19"><span class='ocrx_word' id='word_1_243' title='bbox 76 1192 129 1222; x_wconf 88' lang='lat' dir='ltr'>-ta</span> <span class='ocrx_word' id='word_1_244' title='bbox 145 1181 366 1234; x_wconf 82' lang='lat' dir='ltr'>Dccclxvij.</span> <span class='ocrx_word' id='word_1_245' title='bbox 395 1182 542 1224; x_wconf 89' lang='lat' dir='ltr'>Christi</span> <span class='ocrx_word' id='word_1_246' title='bbox 556 1195 687 1223; x_wconf 89' lang='lat' dir='ltr'>autem</span> <span class='ocrx_word' id='word_1_247' title='bbox 707 1195 723 1221; x_wconf 88' lang='lat'>1</span> <span class='ocrx_word' id='word_1_248' title='bbox 737 1194 802 1230; x_wconf 84' lang='lat'>15.</span> <span class='ocrx_word' id='word_1_249' title='bbox 817 1181 980 1223; x_wconf 84' lang='lat' dir='ltr'>Panuini</span> <span class='ocrx_word' id='word_1_250' title='bbox 991 1179 1109 1223; x_wconf 79' lang='lat' dir='ltr'>fastos</span> <span class='ocrx_word' id='word_1_251' title='bbox 1125 1179 1152 1223; x_wconf 86' lang='lat' dir='ltr'>fi</span> <span class='ocrx_word' id='word_1_252' title='bbox 1165 1180 1414 1239; x_wconf 77' lang='lat' dir='ltr'>probatiores</span> <span class='ocrx_word' id='word_1_253' title='bbox 1438 1181 1647 1239; x_wconf 86' lang='lat' dir='ltr'>sequamur</span> <span class='ocrx_word' id='word_1_254' title='bbox 1665 1210 1678 1230; x_wconf 74' lang='lat'>³</span> <span class='ocrx_word' id='word_1_255' title='bbox 1710 1187 1934 1241; x_wconf 51' lang='lat' dir='ltr'>‹QNinnio</span> 
     </span>
    </p>

    <p class='ocr_par' dir='ltr' id='par_1_7' title="bbox 26 1235 875 1294">
     <span class='ocr_line' id='line_1_20' title="bbox 26 1235 875 1294; baseline -0.002 -15"><span class='ocrx_word' id='word_1_256' title='bbox 26 1268 28 1270; x_wconf 63' lang='grc'><em>»</em></span> <span class='ocrx_word' id='word_1_257' title='bbox 76 1239 200 1280; x_wconf 54' lang='lat' dir='ltr'>&gt;Hasta</span> <span class='ocrx_word' id='word_1_258' title='bbox 212 1264 225 1284; x_wconf 69' lang='lat' dir='ltr'>a</span> <span class='ocrx_word' id='word_1_259' title='bbox 241 1242 284 1281; x_wconf 66' lang='grc' dir='ltr'>ἅτ</span> <span class='ocrx_word' id='word_1_260' title='bbox 297 1241 340 1280; x_wconf 89' lang='grc' dir='ltr'>Ρ.</span> <span class='ocrx_word' id='word_1_261' title='bbox 354 1240 523 1281; x_wconf 85' lang='lat' dir='ltr'>Manilio</span> <span class='ocrx_word' id='word_1_262' title='bbox 538 1237 713 1294; x_wconf 89' lang='lat' dir='ltr'>Vopisco</span> <span class='ocrx_word' id='word_1_263' title='bbox 730 1235 844 1279; x_wconf 90' lang='lat' dir='ltr'>Coss.</span> <span class='ocrx_word' id='word_1_264' title='bbox 871 1257 875 1259; x_wconf 44' lang='lat'><strong><em>⁴</em></strong></span> 
     </span>
    </p>

    <p class='ocr_par' dir='ltr' id='par_1_8' title="bbox 18 1294 1931 1581">
     <span class='ocr_line' id='line_1_21' title="bbox 18 1294 1930 1352; baseline 0.004 -18"><span class='ocrx_word' id='word_1_265' title='bbox 18 1307 82 1336; x_wconf 77' lang='lat'>111-</span> <span class='ocrx_word' id='word_1_266' title='bbox 111 1297 355 1338; x_wconf 80' lang='lat' dir='ltr'>simulachra</span> <span class='ocrx_word' id='word_1_267' title='bbox 370 1323 382 1342; x_wconf 83' lang='lat'>‚</span> <span class='ocrx_word' id='word_1_268' title='bbox 408 1299 449 1338; x_wconf 91' lang='lat' dir='ltr'>in</span> <span class='ocrx_word' id='word_1_269' title='bbox 463 1297 537 1338; x_wconf 89' lang='lat' dir='ltr'>hac</span> <span class='ocrx_word' id='word_1_270' title='bbox 561 1296 718 1338; x_wconf 86' lang='lat' dir='ltr'>Traiani</span> <span class='ocrx_word' id='word_1_271' title='bbox 732 1308 949 1337; x_wconf 86' lang='lat' dir='ltr'>marmorea</span> <span class='ocrx_word' id='word_1_272' title='bbox 963 1295 1162 1337; x_wconf 88' lang='lat' dir='ltr'>Columna</span> <span class='ocrx_word' id='word_1_273' title='bbox 1177 1294 1308 1342; x_wconf 82' lang='lat' dir='ltr'>incisa,</span> <span class='ocrx_word' id='word_1_274' title='bbox 1324 1294 1459 1350; x_wconf 77' lang='lat' dir='ltr'>parum</span> <span class='ocrx_word' id='word_1_275' title='bbox 1473 1296 1495 1338; x_wconf 71' lang='lat' dir='ltr'>a</span> <span class='ocrx_word' id='word_1_276' title='bbox 1511 1295 1713 1352; x_wconf 87' lang='lat' dir='ltr'>superficie</span> <span class='ocrx_word' id='word_1_277' title='bbox 1726 1301 1901 1342; x_wconf 87' lang='lat' dir='ltr'>eminent</span> <span class='ocrx_word' id='word_1_278' title='bbox 1913 1326 1930 1347; x_wconf 79' lang='lat'>‚</span> 
     </span>
     <span class='ocr_line' id='line_1_22' title="bbox 79 1352 1928 1412; baseline -0.001 -18"><span class='ocrx_word' id='word_1_279' title='bbox 79 1353 332 1409; x_wconf 81' lang='lat' dir='ltr'>duorumque</span> <span class='ocrx_word' id='word_1_280' title='bbox 347 1356 502 1396; x_wconf 91' lang='lat' dir='ltr'>circiter</span> <span class='ocrx_word' id='word_1_281' title='bbox 517 1353 663 1408; x_wconf 88' lang='lat' dir='ltr'>pedum</span> <span class='ocrx_word' id='word_1_282' title='bbox 678 1352 937 1407; x_wconf 85' lang='lat' dir='ltr'>longitudinis</span> <span class='ocrx_word' id='word_1_283' title='bbox 949 1353 1115 1394; x_wconf 81' lang='lat' dir='ltr'>existunt</span> <span class='ocrx_word' id='word_1_284' title='bbox 1122 1370 1132 1398; x_wconf 84' lang='lat'>3</span> <span class='ocrx_word' id='word_1_285' title='bbox 1154 1352 1220 1395; x_wconf 91' lang='lat' dir='ltr'>sed</span> <span class='ocrx_word' id='word_1_286' title='bbox 1238 1354 1322 1409; x_wconf 77' lang='lat' dir='ltr'>quo</span> <span class='ocrx_word' id='word_1_287' title='bbox 1344 1353 1469 1408; x_wconf 78' lang='lat' dir='ltr'>magis</span> <span class='ocrx_word' id='word_1_288' title='bbox 1485 1354 1508 1395; x_wconf 73' lang='grc' dir='ltr'>εὶ</span> <span class='ocrx_word' id='word_1_289' title='bbox 1525 1355 1602 1398; x_wconf 81' lang='lat' dir='ltr'>bafi</span> <span class='ocrx_word' id='word_1_290' title='bbox 1616 1357 1928 1412; x_wconf 67' lang='lat' dir='ltr'>versuscapitu-</span> 
     </span>
     <span class='ocr_line' id='line_1_23' title="bbox 78 1409 1931 1470; baseline 0.002 -17"><span class='ocrx_word' id='word_1_291' title='bbox 78 1411 162 1453; x_wconf 87' lang='lat' dir='ltr'>lum</span> <span class='ocrx_word' id='word_1_292' title='bbox 178 1412 420 1467; x_wconf 77' lang='lat' dir='ltr'>procedunt,</span> <span class='ocrx_word' id='word_1_293' title='bbox 442 1411 490 1453; x_wconf 78' lang='lat' dir='ltr'>eo</span> <span class='ocrx_word' id='word_1_294' title='bbox 507 1411 715 1465; x_wconf 80' lang='lat' dir='ltr'>grandiora</span> <span class='ocrx_word' id='word_1_295' title='bbox 732 1410 930 1453; x_wconf 80' lang='lat' dir='ltr'>euadunt3</span> <span class='ocrx_word' id='word_1_296' title='bbox 956 1409 1058 1451; x_wconf 73' lang='lat' dir='ltr'>adeo</span> <span class='ocrx_word' id='word_1_297' title='bbox 1079 1423 1121 1452; x_wconf 93' lang='lat' dir='ltr'>vt</span> <span class='ocrx_word' id='word_1_298' title='bbox 1136 1424 1213 1466; x_wconf 48' lang='lat' dir='ltr'>que(²</span> <span class='ocrx_word' id='word_1_299' title='bbox 1228 1411 1454 1465; x_wconf 83' lang='lat' dir='ltr'>capitellum</span> <span class='ocrx_word' id='word_1_300' title='bbox 1470 1415 1648 1467; x_wconf 76' lang='lat' dir='ltr'>proxime</span> <span class='ocrx_word' id='word_1_301' title='bbox 1674 1418 1903 1470; x_wconf 88' lang='lat' dir='ltr'>pertingunt</span> <span class='ocrx_word' id='word_1_302' title='bbox 1915 1440 1931 1460; x_wconf 69' lang='lat'>2</span> 
     </span>
     <span class='ocr_line' id='line_1_24' title="bbox 75 1466 1930 1530; baseline 0.003 -20"><span class='ocrx_word' id='word_1_303' title='bbox 75 1471 247 1512; x_wconf 83' lang='lat' dir='ltr'>eandem</span> <span class='ocrx_word' id='word_1_304' title='bbox 275 1484 396 1525; x_wconf 84' lang='lat' dir='ltr'>quam</span> <span class='ocrx_word' id='word_1_305' title='bbox 421 1468 608 1512; x_wconf 84' lang='lat' dir='ltr'>inferiora</span> <span class='ocrx_word' id='word_1_306' title='bbox 622 1467 932 1526; x_wconf 82' lang='lat' dir='ltr'>magnitudinem</span> <span class='ocrx_word' id='word_1_307' title='bbox 943 1466 1068 1513; x_wconf 82' lang='lat' dir='ltr'>ferme</span> <span class='ocrx_word' id='word_1_308' title='bbox 1087 1468 1281 1513; x_wconf 88' lang='lat' dir='ltr'>ostentent</span> <span class='ocrx_word' id='word_1_309' title='bbox 1292 1493 1307 1517; x_wconf 70' lang='lat'><em>2</em></span> <span class='ocrx_word' id='word_1_310' title='bbox 1324 1468 1436 1530; x_wconf 74' lang='lat' dir='ltr'>quod</span> <span class='ocrx_word' id='word_1_311' title='bbox 1452 1470 1573 1528; x_wconf 86' lang='lat' dir='ltr'>dupla</span> <span class='ocrx_word' id='word_1_312' title='bbox 1584 1473 1632 1523; x_wconf 84' lang='lat' dir='ltr'>ijs</span> <span class='ocrx_word' id='word_1_313' title='bbox 1643 1473 1930 1529; x_wconf 71' lang='lat' dir='ltr'>proportione.-</span> 
     </span>
     <span class='ocr_line' id='line_1_25' title="bbox 75 1527 1830 1581; baseline -0.003 -13"><span class='ocrx_word' id='word_1_314' title='bbox 75 1527 341 1581; x_wconf 76' lang='lat' dir='ltr'>«respondeant</span> <span class='ocrx_word' id='word_1_315' title='bbox 352 1558 363 1567; x_wconf 88' lang='lat'><strong>.</strong></span> <span class='ocrx_word' id='word_1_316' title='bbox 1826 1546 1830 1549; x_wconf 74' lang='lat'><em>‚</em></span> 
     </span>
    </p>

    <p class='ocr_par' dir='ltr' id='par_1_9' title="bbox 27 1584 1931 1700">
     <span class='ocr_line' id='line_1_26' title="bbox 27 1584 1931 1642; baseline 0.002 -18"><span class='ocrx_word' id='word_1_317' title='bbox 27 1586 51 1611; x_wconf 48' lang='grc' dir='ltr'>κ·</span> <span class='ocrx_word' id='word_1_318' title='bbox 107 1587 153 1623; x_wconf 94' lang='lat' dir='ltr'><em>N</em></span> <span class='ocrx_word' id='word_1_319' title='bbox 155 1599 198 1625; x_wconf 89' lang='lat' dir='ltr'>on</span> <span class='ocrx_word' id='word_1_320' title='bbox 201 1584 246 1638; x_wconf 85' lang='lat' dir='ltr'><em>st</em></span> <span class='ocrx_word' id='word_1_321' title='bbox 251 1585 405 1641; x_wconf 68' lang='lat' dir='ltr'>verifica</span> <span class='ocrx_word' id='word_1_322' title='bbox 417 1584 536 1639; x_wconf 83' lang='lat' dir='ltr'>quello</span> <span class='ocrx_word' id='word_1_323' title='bbox 549 1585 610 1626; x_wconf 86' lang='lat' dir='ltr'>che</span> <span class='ocrx_word' id='word_1_324' title='bbox 609 1584 735 1638; x_wconf 79' lang='lat' dir='ltr'>striae</span> <span class='ocrx_word' id='word_1_325' title='bbox 743 1587 772 1628; x_wconf 89' lang='lat' dir='ltr'>il</span> <span class='ocrx_word' id='word_1_326' title='bbox 783 1586 955 1628; x_wconf 84' lang='lat' dir='ltr'>ciaccone</span> <span class='ocrx_word' id='word_1_327' title='bbox 968 1585 1010 1627; x_wconf 87' lang='lat' dir='ltr'>al</span> <span class='ocrx_word' id='word_1_328' title='bbox 1020 1599 1119 1626; x_wconf 87' lang='lat' dir='ltr'>num.</span> <span class='ocrx_word' id='word_1_329' title='bbox 1141 1600 1156 1627; x_wconf 93' lang='lat'>1</span> <span class='ocrx_word' id='word_1_330' title='bbox 1170 1599 1186 1626; x_wconf 90' lang='lat'>1</span> <span class='ocrx_word' id='word_1_331' title='bbox 1202 1612 1215 1631; x_wconf 79' lang='lat'>,</span> <span class='ocrx_word' id='word_1_332' title='bbox 1226 1586 1288 1627; x_wconf 83' lang='lat' dir='ltr'>che</span> <span class='ocrx_word' id='word_1_333' title='bbox 1303 1585 1337 1626; x_wconf 86' lang='lat' dir='ltr'>le</span> <span class='ocrx_word' id='word_1_334' title='bbox 1335 1586 1464 1642; x_wconf 84' lang='lat' dir='ltr'>figure</span> <span class='ocrx_word' id='word_1_335' title='bbox 1479 1597 1617 1640; x_wconf 80' lang='lat' dir='ltr'>quanto</span> <span class='ocrx_word' id='word_1_336' title='bbox 1625 1585 1692 1639; x_wconf 65' lang='lat' dir='ltr'>pic&gt;</span> <span class='ocrx_word' id='word_1_337' title='bbox 1703 1586 1931 1633; x_wconf 67' lang='lat' dir='ltr'>s&#39;inalzano‚</span> 
     </span>
     <span class='ocr_line' id='line_1_27' title="bbox 73 1642 1930 1700; baseline 0.001 -17"><span class='ocrx_word' id='word_1_338' title='bbox 73 1642 257 1696; x_wconf 53' lang='lat' dir='ltr'>war‘itopit}</span> <span class='ocrx_word' id='word_1_339' title='bbox 267 1643 482 1697; x_wconf 75' lang='lat' dir='ltr'>diuenghino</span> <span class='ocrx_word' id='word_1_340' title='bbox 491 1645 635 1698; x_wconf 84' lang='lat' dir='ltr'>grandi</span> <span class='ocrx_word' id='word_1_341' title='bbox 648 1671 662 1690; x_wconf 65' lang='lat'>2</span> <span class='ocrx_word' id='word_1_342' title='bbox 675 1645 713 1684; x_wconf 85' lang='lat' dir='ltr'>in</span> <span class='ocrx_word' id='word_1_343' title='bbox 726 1647 829 1686; x_wconf 85' lang='lat' dir='ltr'>modo</span> <span class='ocrx_word' id='word_1_344' title='bbox 838 1644 900 1684; x_wconf 82' lang='lat' dir='ltr'>che</span> <span class='ocrx_word' id='word_1_345' title='bbox 913 1645 1032 1699; x_wconf 85' lang='lat' dir='ltr'>quelle</span> <span class='ocrx_word' id='word_1_346' title='bbox 1035 1643 1081 1696; x_wconf 79' lang='lat' dir='ltr'><em>st</em></span> <span class='ocrx_word' id='word_1_347' title='bbox 1086 1643 1303 1684; x_wconf 84' lang='lat' dir='ltr'>auuicinano</span> <span class='ocrx_word' id='word_1_348' title='bbox 1319 1646 1359 1684; x_wconf 87' lang='lat' dir='ltr'>al</span> <span class='ocrx_word' id='word_1_349' title='bbox 1372 1645 1535 1697; x_wconf 81' lang='lat' dir='ltr'>capitello</span> <span class='ocrx_word' id='word_1_350' title='bbox 1548 1644 1752 1700; x_wconf 82' lang='lat' dir='ltr'>rispondino</span> <span class='ocrx_word' id='word_1_351' title='bbox 1765 1645 1930 1686; x_wconf 84' lang='lat' dir='ltr'>all&#39;altre</span> 
     </span>
    </p>

    <p class='ocr_par' dir='ltr' id='par_1_10' title="bbox 20 1700 1930 1757">
     <span class='ocr_line' id='line_1_28' title="bbox 20 1700 1930 1757; baseline 0.001 -16"><span class='ocrx_word' id='word_1_352' title='bbox 20 1731 23 1734; x_wconf 29' lang='grc' dir='ltr'><em>ψ</em></span> <span class='ocrx_word' id='word_1_353' title='bbox 75 1700 218 1753; x_wconf 74' lang='lat' dir='ltr'>disotto</span> <span class='ocrx_word' id='word_1_354' title='bbox 232 1702 270 1740; x_wconf 89' lang='lat' dir='ltr'>in</span> <span class='ocrx_word' id='word_1_355' title='bbox 283 1701 412 1755; x_wconf 84' lang='lat' dir='ltr'>doppia</span> <span class='ocrx_word' id='word_1_356' title='bbox 418 1703 642 1754; x_wconf 83' lang='lat' dir='ltr'>proportione</span> <span class='ocrx_word' id='word_1_357' title='bbox 655 1732 666 1741; x_wconf 88' lang='lat'><strong>.</strong></span> <span class='ocrx_word' id='word_1_358' title='bbox 693 1705 781 1743; x_wconf 86' lang='lat' dir='ltr'>Sono</span> <span class='ocrx_word' id='word_1_359' title='bbox 795 1704 830 1743; x_wconf 88' lang='lat' dir='ltr'>le</span> <span class='ocrx_word' id='word_1_360' title='bbox 831 1703 958 1757; x_wconf 84' lang='lat' dir='ltr'>figure</span> <span class='ocrx_word' id='word_1_361' title='bbox 968 1701 1044 1742; x_wconf 87' lang='lat' dir='ltr'>alte</span> <span class='ocrx_word' id='word_1_362' title='bbox 1056 1702 1150 1742; x_wconf 84' lang='lat' dir='ltr'>circa</span> <span class='ocrx_word' id='word_1_363' title='bbox 1160 1711 1216 1742; x_wconf 85' lang='lat' dir='ltr'>tre</span> <span class='ocrx_word' id='word_1_364' title='bbox 1219 1701 1337 1754; x_wconf 83' lang='lat' dir='ltr'>palmi</span> <span class='ocrx_word' id='word_1_365' title='bbox 1351 1728 1364 1748; x_wconf 86' lang='lat'>‚</span> <span class='ocrx_word' id='word_1_366' title='bbox 1377 1703 1505 1744; x_wconf 90' lang='lat' dir='ltr'>alcune</span> <span class='ocrx_word' id='word_1_367' title='bbox 1511 1702 1579 1757; x_wconf 65' lang='lat' dir='ltr'>pit&gt;</span> <span class='ocrx_word' id='word_1_368' title='bbox 1590 1728 1604 1748; x_wconf 81' lang='lat'>‚</span> <span class='ocrx_word' id='word_1_369' title='bbox 1629 1702 1726 1743; x_wconf 87' lang='lat' dir='ltr'>altre</span> <span class='ocrx_word' id='word_1_370' title='bbox 1737 1715 1839 1743; x_wconf 90' lang='lat' dir='ltr'>meno</span> <span class='ocrx_word' id='word_1_371' title='bbox 1856 1728 1869 1748; x_wconf 80' lang='grc'>,</span> <span class='ocrx_word' id='word_1_372' title='bbox 1884 1715 1930 1743; x_wconf 81' lang='lat' dir='ltr'>ne</span> 
     </span>
    </p>

    <p class='ocr_par' dir='ltr' id='par_1_11' title="bbox 20 1757 1931 1874">
     <span class='ocr_line' id='line_1_29' title="bbox 20 1757 1931 1815; baseline 0.001 -17"><span class='ocrx_word' id='word_1_373' title='bbox 20 1781 21 1787; x_wconf 28' lang='grc' dir='ltr'><strong>κ</strong></span> <span class='ocrx_word' id='word_1_374' title='bbox 66 1758 231 1811; x_wconf 77' lang='lat' dir='ltr'>firbano</span> <span class='ocrx_word' id='word_1_375' title='bbox 245 1759 285 1800; x_wconf 81' lang='lat' dir='ltr'>la</span> <span class='ocrx_word' id='word_1_376' title='bbox 301 1757 422 1814; x_wconf 83' lang='lat' dir='ltr'>regola</span> <span class='ocrx_word' id='word_1_377' title='bbox 438 1759 499 1799; x_wconf 87' lang='lat' dir='ltr'>del</span> <span class='ocrx_word' id='word_1_378' title='bbox 511 1760 726 1812; x_wconf 83' lang='lat' dir='ltr'>quadrante</span> <span class='ocrx_word' id='word_1_379' title='bbox 735 1786 748 1806; x_wconf 81' lang='lat'>‚</span> <span class='ocrx_word' id='word_1_380' title='bbox 758 1761 851 1802; x_wconf 85' lang='lat' dir='ltr'>anzi</span> <span class='ocrx_word' id='word_1_381' title='bbox 865 1760 984 1800; x_wconf 84' lang='lat' dir='ltr'>hanno</span> <span class='ocrx_word' id='word_1_382' title='bbox 997 1757 1126 1815; x_wconf 69' lang='lat' dir='ltr'>l’illeff&#39;</span> <span class='ocrx_word' id='word_1_383' title='bbox 1116 1776 1139 1800; x_wconf 85' lang='lat' dir='ltr'>a</span> <span class='ocrx_word' id='word_1_384' title='bbox 1152 1760 1291 1812; x_wconf 69' lang='lat' dir='ltr'>milicra</span> <span class='ocrx_word' id='word_1_385' title='bbox 1303 1759 1363 1798; x_wconf 85' lang='lat' dir='ltr'>nel</span> <span class='ocrx_word' id='word_1_386' title='bbox 1374 1774 1516 1805; x_wconf 85' lang='lat' dir='ltr'>mezzo,</span> <span class='ocrx_word' id='word_1_387' title='bbox 1532 1760 1606 1799; x_wconf 85' lang='lat' dir='ltr'>nell</span> <span class='ocrx_word' id='word_1_388' title='bbox 1609 1774 1627 1799; x_wconf 84' lang='lat' dir='ltr'>e</span> <span class='ocrx_word' id='word_1_389' title='bbox 1632 1759 1931 1813; x_wconf 64' lang='lat' dir='ltr'>partisuperiori5</span> 
     </span>
     <span class='ocr_line' id='line_1_30' title="bbox 77 1815 1930 1874; baseline 0.001 -18"><span class='ocrx_word' id='word_1_390' title='bbox 77 1816 126 1861; x_wconf 58' lang='grc' dir='ltr'>ὅ)</span> <span class='ocrx_word' id='word_1_391' title='bbox 137 1815 302 1869; x_wconf 55' lang='lat' dir='ltr'>inferiori</span> <span class='ocrx_word' id='word_1_392' title='bbox 315 1845 325 1857; x_wconf 88' lang='lat'><strong>.</strong></span> <span class='ocrx_word' id='word_1_393' title='bbox 349 1815 488 1874; x_wconf 80' lang='lat' dir='ltr'>Qelle</span> <span class='ocrx_word' id='word_1_394' title='bbox 489 1816 572 1870; x_wconf 78' lang='lat' dir='ltr'>solo</span> <span class='ocrx_word' id='word_1_395' title='bbox 586 1831 624 1858; x_wconf 85' lang='lat' dir='ltr'>tn</span> <span class='ocrx_word' id='word_1_396' title='bbox 639 1818 734 1861; x_wconf 79' lang='lat' dir='ltr'>eima</span> <span class='ocrx_word' id='word_1_397' title='bbox 737 1820 838 1874; x_wconf 76' lang='lat' dir='ltr'>fitto</span> <span class='ocrx_word' id='word_1_398' title='bbox 861 1818 889 1858; x_wconf 80' lang='lat' dir='ltr'>it</span> <span class='ocrx_word' id='word_1_399' title='bbox 905 1818 1078 1872; x_wconf 81' lang='lat' dir='ltr'>Capitello</span> <span class='ocrx_word' id='word_1_400' title='bbox 1089 1831 1289 1858; x_wconf 73' lang='lat' dir='ltr'>auanz-ano</span> <span class='ocrx_word' id='word_1_401' title='bbox 1299 1816 1426 1859; x_wconf 83' lang='lat' dir='ltr'>l‘altre</span> <span class='ocrx_word' id='word_1_402' title='bbox 1437 1818 1476 1858; x_wconf 70' lang='lat' dir='ltr'>dt&#39;</span> <span class='ocrx_word' id='word_1_403' title='bbox 1487 1820 1546 1859; x_wconf 61' lang='lat' dir='ltr'>tr?</span> <span class='ocrx_word' id='word_1_404' title='bbox 1555 1844 1568 1865; x_wconf 72' lang='lat'>2</span> <span class='ocrx_word' id='word_1_405' title='bbox 1583 1816 1764 1874; x_wconf 60' lang='lat' dir='ltr'>&amp;quattro</span> <span class='ocrx_word' id='word_1_406' title='bbox 1777 1818 1874 1858; x_wconf 88' lang='lat' dir='ltr'>oncie</span> <span class='ocrx_word' id='word_1_407' title='bbox 1888 1816 1930 1858; x_wconf 74' lang='lat' dir='ltr'>di</span> 
     </span>
    </p>

    <p class='ocr_par' dir='ltr' id='par_1_12' title="bbox 13 1874 297 1915">
     <span class='ocr_line' id='line_1_31' title="bbox 13 1874 297 1915; baseline 0.007 -2"><span class='ocrx_word' id='word_1_408' title='bbox 13 1909 15 1913; x_wconf 87' lang='lat'><em>.</em></span> <span class='ocrx_word' id='word_1_409' title='bbox 79 1874 272 1915; x_wconf 49' lang='lat' dir='ltr'>alte-zzz..</span> <span class='ocrx_word' id='word_1_410' title='bbox 285 1904 297 1915; x_wconf 89' lang='lat'><strong>.</strong></span> 
     </span>
    </p>

    <p class='ocr_par' dir='ltr' id='par_1_13' title="bbox 27 1932 1930 1989">
     <span class='ocr_line' id='line_1_32' title="bbox 27 1932 1930 1989; baseline 0.001 -16"><span class='ocrx_word' id='word_1_411' title='bbox 27 1939 44 1968; x_wconf 78' lang='lat'><em>³</em></span> <span class='ocrx_word' id='word_1_412' title='bbox 56 1941 84 1968; x_wconf 52' lang='lat'>22</span> <span class='ocrx_word' id='word_1_413' title='bbox 111 1934 267 1974; x_wconf 89' lang='lat' dir='ltr'>Traiani</span> <span class='ocrx_word' id='word_1_414' title='bbox 282 1932 448 1989; x_wconf 84' lang='lat' dir='ltr'>Augusti</span> <span class='ocrx_word' id='word_1_415' title='bbox 465 1936 606 1975; x_wconf 90' lang='lat' dir='ltr'>Forum</span> <span class='ocrx_word' id='word_1_416' title='bbox 621 1961 633 1980; x_wconf 80' lang='lat'>,</span> <span class='ocrx_word' id='word_1_417' title='bbox 649 1935 689 1976; x_wconf 90' lang='lat' dir='ltr'>in</span> <span class='ocrx_word' id='word_1_418' title='bbox 703 1935 813 1977; x_wconf 85' lang='lat' dir='ltr'>cuius</span> <span class='ocrx_word' id='word_1_419' title='bbox 826 1934 959 1975; x_wconf 82' lang='lat' dir='ltr'>medio</span> <span class='ocrx_word' id='word_1_420' title='bbox 974 1933 1056 1976; x_wconf 79' lang='lat' dir='ltr'>haec</span> <span class='ocrx_word' id='word_1_421' title='bbox 1069 1933 1231 1977; x_wconf 89' lang='lat' dir='ltr'>Etrusco</span> <span class='ocrx_word' id='word_1_422' title='bbox 1243 1946 1364 1989; x_wconf 90' lang='lat' dir='ltr'>opere</span> <span class='ocrx_word' id='word_1_423' title='bbox 1383 1933 1581 1975; x_wconf 90' lang='lat' dir='ltr'>Columna</span> <span class='ocrx_word' id='word_1_424' title='bbox 1591 1934 1788 1975; x_wconf 83' lang='lat' dir='ltr'>eminebat</span> <span class='ocrx_word' id='word_1_425' title='bbox 1800 1960 1812 1979; x_wconf 82' lang='lat'>,</span> <span class='ocrx_word' id='word_1_426' title='bbox 1826 1934 1930 1975; x_wconf 88' lang='lat' dir='ltr'>inter</span> 
     </span>
    </p>

    <p class='ocr_par' dir='ltr' id='par_1_14' title="bbox 18 1988 1930 2163">
     <span class='ocr_line' id='line_1_33' title="bbox 18 1988 1930 2048; baseline 0 -16"><span class='ocrx_word' id='word_1_427' title='bbox 18 2015 21 2018; x_wconf 31' lang='grc' dir='ltr'>ι</span> <span class='ocrx_word' id='word_1_428' title='bbox 79 1991 330 2044; x_wconf 83' lang='lat' dir='ltr'>Capitolium</span> <span class='ocrx_word' id='word_1_429' title='bbox 344 2017 356 2037; x_wconf 71' lang='lat'>³</span> <span class='ocrx_word' id='word_1_430' title='bbox 372 1992 517 2033; x_wconf 89' lang='lat' dir='ltr'>collem</span> <span class='ocrx_word' id='word_1_431' title='bbox 533 1994 794 2048; x_wconf 80' lang='lat' dir='ltr'>Qrinalem,</span> <span class='ocrx_word' id='word_1_432' title='bbox 809 1996 847 2034; x_wconf 72' lang='lat' dir='ltr'>Sc</span> <span class='ocrx_word' id='word_1_433' title='bbox 863 1995 1005 2033; x_wconf 90' lang='lat' dir='ltr'>Forum</span> <span class='ocrx_word' id='word_1_434' title='bbox 1021 1994 1167 2034; x_wconf 84' lang='lat' dir='ltr'>Neruae</span> <span class='ocrx_word' id='word_1_435' title='bbox 1182 2018 1194 2037; x_wconf 69' lang='lat'>2</span> <span class='ocrx_word' id='word_1_436' title='bbox 1205 1991 1254 2032; x_wconf 88' lang='lat' dir='ltr'>ab</span> <span class='ocrx_word' id='word_1_437' title='bbox 1271 1991 1526 2046; x_wconf 86' lang='lat' dir='ltr'>Apollodoro</span> <span class='ocrx_word' id='word_1_438' title='bbox 1541 1988 1766 2046; x_wconf 69' lang='lat' dir='ltr'>peritissimo</span> <span class='ocrx_word' id='word_1_439' title='bbox 1782 1990 1930 2033; x_wconf 86' lang='lat' dir='ltr'>artifice</span> 
     </span>
     <span class='ocr_line' id='line_1_34' title="bbox 76 2049 1927 2105; baseline 0 -17"><span class='ocrx_word' id='word_1_440' title='bbox 76 2051 185 2089; x_wconf 72' lang='lat' dir='ltr'>tcc&#39;to</span> <span class='ocrx_word' id='word_1_441' title='bbox 200 2062 308 2089; x_wconf 77' lang='lat' dir='ltr'>aeneo</span> <span class='ocrx_word' id='word_1_442' title='bbox 323 2049 618 2104; x_wconf 82' lang='lat' dir='ltr'>superimposito</span> <span class='ocrx_word' id='word_1_443' title='bbox 629 2077 642 2096; x_wconf 67' lang='lat'>2</span> <span class='ocrx_word' id='word_1_444' title='bbox 656 2053 872 2093; x_wconf 68' lang='lat' dir='ltr'>extruaum</span> <span class='ocrx_word' id='word_1_445' title='bbox 884 2049 960 2090; x_wconf 91' lang='lat' dir='ltr'>fuit</span> <span class='ocrx_word' id='word_1_446' title='bbox 971 2079 982 2089; x_wconf 92' lang='lat'><strong>.</strong></span> <span class='ocrx_word' id='word_1_447' title='bbox 1006 2051 1051 2089; x_wconf 93' lang='lat' dir='ltr'>In</span> <span class='ocrx_word' id='word_1_448' title='bbox 1067 2064 1149 2105; x_wconf 91' lang='lat' dir='ltr'>quo</span> <span class='ocrx_word' id='word_1_449' title='bbox 1161 2050 1349 2104; x_wconf 89' lang='lat' dir='ltr'>palatium</span> <span class='ocrx_word' id='word_1_450' title='bbox 1364 2050 1522 2090; x_wconf 79' lang='lat' dir='ltr'>Traiani</span> <span class='ocrx_word' id='word_1_451' title='bbox 1537 2051 1646 2090; x_wconf 85' lang='lat' dir='ltr'>vario</span> <span class='ocrx_word' id='word_1_452' title='bbox 1658 2061 1705 2089; x_wconf 83' lang='lat' dir='ltr'>ex</span> <span class='ocrx_word' id='word_1_453' title='bbox 1719 2061 1927 2093; x_wconf 80' lang='lat' dir='ltr'>marmore,</span> 
     </span>
     <span class='ocr_line' id='line_1_35' title="bbox 78 2104 1929 2163; baseline 0 -17"><span class='ocrx_word' id='word_1_454' title='bbox 78 2106 211 2146; x_wconf 85' lang='lat' dir='ltr'>statuis</span> <span class='ocrx_word' id='word_1_455' title='bbox 226 2132 238 2150; x_wconf 69' lang='lat'>2</span> <span class='ocrx_word' id='word_1_456' title='bbox 255 2110 293 2147; x_wconf 90' lang='lat'>&amp;</span> <span class='ocrx_word' id='word_1_457' title='bbox 309 2109 467 2162; x_wconf 63' lang='lat' dir='ltr'>picturis</span> <span class='ocrx_word' id='word_1_458' title='bbox 479 2120 659 2148; x_wconf 87' lang='lat' dir='ltr'>ornatum</span> <span class='ocrx_word' id='word_1_459' title='bbox 676 2135 688 2154; x_wconf 78' lang='grc'>,</span> <span class='ocrx_word' id='word_1_460' title='bbox 705 2108 961 2163; x_wconf 74' lang='lat' dir='ltr'>gymnasium,</span> <span class='ocrx_word' id='word_1_461' title='bbox 977 2107 1242 2152; x_wconf 79' lang='lat' dir='ltr'>bibliotheca,</span> <span class='ocrx_word' id='word_1_462' title='bbox 1255 2105 1381 2147; x_wconf 81' lang='lat' dir='ltr'>Arcus</span> <span class='ocrx_word' id='word_1_463' title='bbox 1395 2106 1641 2160; x_wconf 89' lang='lat' dir='ltr'>triumphalis</span> <span class='ocrx_word' id='word_1_464' title='bbox 1659 2106 1713 2146; x_wconf 91' lang='lat' dir='ltr'>ob</span> <span class='ocrx_word' id='word_1_465' title='bbox 1726 2104 1929 2160; x_wconf 87' lang='lat' dir='ltr'>superatos</span> 
     </span>
    </p>

    <p class='ocr_par' dir='ltr' id='par_1_15' title="bbox 11 2163 1927 2221">
     <span class='ocr_line' id='line_1_36' title="bbox 11 2163 1927 2221; baseline -0.001 -18"><span class='ocrx_word' id='word_1_466' title='bbox 11 2205 13 2212; x_wconf 21' lang='grc' dir='ltr'><em>Α</em></span> <span class='ocrx_word' id='word_1_467' title='bbox 78 2164 214 2204; x_wconf 88' lang='lat' dir='ltr'>Dacos</span> <span class='ocrx_word' id='word_1_468' title='bbox 228 2166 267 2205; x_wconf 73' lang='grc' dir='ltr'>δι</span> <span class='ocrx_word' id='word_1_469' title='bbox 284 2165 478 2206; x_wconf 87' lang='lat' dir='ltr'>Sarmatas</span> <span class='ocrx_word' id='word_1_470' title='bbox 494 2191 505 2210; x_wconf 84' lang='lat'>‚</span> <span class='ocrx_word' id='word_1_471' title='bbox 520 2168 697 2219; x_wconf 87' lang='lat' dir='ltr'>porticus</span> <span class='ocrx_word' id='word_1_472' title='bbox 711 2163 948 2221; x_wconf 79' lang='lat' dir='ltr'>amplissimis</span> <span class='ocrx_word' id='word_1_473' title='bbox 965 2164 1202 2219; x_wconf 68' lang='lat' dir='ltr'>excelsisque</span> <span class='ocrx_word' id='word_1_474' title='bbox 1216 2177 1336 2219; x_wconf 88' lang='lat' dir='ltr'>opere</span> <span class='ocrx_word' id='word_1_475' title='bbox 1352 2164 1611 2206; x_wconf 87' lang='lat' dir='ltr'>Corinthiaco</span> <span class='ocrx_word' id='word_1_476' title='bbox 1624 2163 1832 2207; x_wconf 82' lang='lat' dir='ltr'>columnis,</span> <span class='ocrx_word' id='word_1_477' title='bbox 1843 2175 1927 2202; x_wconf 90' lang='lat' dir='ltr'>ma-</span> 
     </span>
    </p>

    <p class='ocr_par' dir='ltr' id='par_1_16' title="bbox 11 2219 1929 2449">
     <span class='ocr_line' id='line_1_37' title="bbox 11 2219 1929 2278; baseline -0.001 -17"><span class='ocrx_word' id='word_1_478' title='bbox 11 2225 19 2270; x_wconf 74' lang='grc' dir='ltr'>ζ·</span> <span class='ocrx_word' id='word_1_479' title='bbox 76 2222 165 2276; x_wconf 82' lang='lat' dir='ltr'>gnis</span> <span class='ocrx_word' id='word_1_480' title='bbox 182 2222 366 2277; x_wconf 86' lang='lat' dir='ltr'>epistylijs</span> <span class='ocrx_word' id='word_1_481' title='bbox 382 2223 571 2264; x_wconf 66' lang='lat' dir='ltr'>adiundtis</span> <span class='ocrx_word' id='word_1_482' title='bbox 589 2227 606 2274; x_wconf 74' lang='grc' dir='ltr'>ζ</span> <span class='ocrx_word' id='word_1_483' title='bbox 622 2236 664 2264; x_wconf 92' lang='lat' dir='ltr'>vt</span> <span class='ocrx_word' id='word_1_484' title='bbox 677 2225 880 2278; x_wconf 83' lang='lat' dir='ltr'>gigantum</span> <span class='ocrx_word' id='word_1_485' title='bbox 894 2222 1024 2277; x_wconf 77' lang='lat' dir='ltr'>potius</span> <span class='ocrx_word' id='word_1_486' title='bbox 1040 2221 1160 2277; x_wconf 74' lang='lat' dir='ltr'>quam</span> <span class='ocrx_word' id='word_1_487' title='bbox 1172 2235 1402 2262; x_wconf 66' lang='lat' dir='ltr'>caeterorum</span> <span class='ocrx_word' id='word_1_488' title='bbox 1419 2221 1624 2261; x_wconf 87' lang='lat' dir='ltr'>hominum</span> <span class='ocrx_word' id='word_1_489' title='bbox 1639 2221 1765 2260; x_wconf 85' lang='lat' dir='ltr'>moles</span> <span class='ocrx_word' id='word_1_490' title='bbox 1788 2219 1929 2260; x_wconf 54' lang='lat' dir='ltr'>crede⁴</span> 
     </span>
     <span class='ocr_line' id='line_1_38' title="bbox 78 2276 1928 2337; baseline -0.002 -17"><span class='ocrx_word' id='word_1_491' title='bbox 78 2291 184 2320; x_wconf 84' lang='lat' dir='ltr'>retur</span> <span class='ocrx_word' id='word_1_492' title='bbox 200 2282 216 2328; x_wconf 89' lang='lat'><em>)</em></span> <span class='ocrx_word' id='word_1_493' title='bbox 235 2280 355 2321; x_wconf 83' lang='lat' dir='ltr'>statua</span> <span class='ocrx_word' id='word_1_494' title='bbox 371 2280 557 2337; x_wconf 86' lang='lat' dir='ltr'>equestris</span> <span class='ocrx_word' id='word_1_495' title='bbox 573 2281 689 2335; x_wconf 82' lang='lat' dir='ltr'>ipsius</span> <span class='ocrx_word' id='word_1_496' title='bbox 707 2282 863 2321; x_wconf 85' lang='lat' dir='ltr'>Traiani</span> <span class='ocrx_word' id='word_1_497' title='bbox 879 2283 919 2320; x_wconf 90' lang='lat' dir='ltr'>in</span> <span class='ocrx_word' id='word_1_498' title='bbox 936 2280 1068 2320; x_wconf 91' lang='lat' dir='ltr'>medio</span> <span class='ocrx_word' id='word_1_499' title='bbox 1081 2281 1256 2334; x_wconf 89' lang='lat' dir='ltr'>porticus</span> <span class='ocrx_word' id='word_1_500' title='bbox 1273 2280 1373 2319; x_wconf 91' lang='lat' dir='ltr'>atrio</span> <span class='ocrx_word' id='word_1_501' title='bbox 1390 2278 1586 2334; x_wconf 80' lang='lat' dir='ltr'>columnis</span> <span class='ocrx_word' id='word_1_502' title='bbox 1601 2277 1784 2318; x_wconf 78' lang='lat' dir='ltr'>altiffimis</span> <span class='ocrx_word' id='word_1_503' title='bbox 1796 2276 1928 2331; x_wconf 84' lang='lat' dir='ltr'>super-</span> 
     </span>
     <span class='ocr_line' id='line_1_39' title="bbox 77 2335 1926 2394; baseline -0.001 -18"><span class='ocrx_word' id='word_1_504' title='bbox 77 2335 202 2391; x_wconf 79' lang='lat' dir='ltr'>posita</span> <span class='ocrx_word' id='word_1_505' title='bbox 217 2365 227 2375; x_wconf 91' lang='lat'><strong>.</strong></span> <span class='ocrx_word' id='word_1_506' title='bbox 261 2339 352 2378; x_wconf 92' lang='lat' dir='ltr'>Huc</span> <span class='ocrx_word' id='word_1_507' title='bbox 374 2337 397 2379; x_wconf 72' lang='lat' dir='ltr'>a</span> <span class='ocrx_word' id='word_1_508' title='bbox 412 2337 609 2394; x_wconf 83' lang='lat' dir='ltr'>plerisque</span> <span class='ocrx_word' id='word_1_509' title='bbox 625 2337 842 2379; x_wconf 80' lang='lat' dir='ltr'>Caesaribus</span> <span class='ocrx_word' id='word_1_510' title='bbox 857 2338 1060 2378; x_wconf 86' lang='lat' dir='ltr'>illustrium</span> <span class='ocrx_word' id='word_1_511' title='bbox 1086 2337 1291 2378; x_wconf 89' lang='lat' dir='ltr'>hominum</span> <span class='ocrx_word' id='word_1_512' title='bbox 1311 2337 1438 2377; x_wconf 75' lang='lat' dir='ltr'>statuae</span> <span class='ocrx_word' id='word_1_513' title='bbox 1454 2335 1645 2376; x_wconf 68' lang='lat' dir='ltr'>translatae</span> <span class='ocrx_word' id='word_1_514' title='bbox 1660 2360 1673 2379; x_wconf 83' lang='lat'>‚</span> <span class='ocrx_word' id='word_1_515' title='bbox 1696 2348 1775 2375; x_wconf 90' lang='lat' dir='ltr'>non</span> <span class='ocrx_word' id='word_1_516' title='bbox 1790 2335 1926 2389; x_wconf 85' lang='lat' dir='ltr'>paucis</span> 
     </span>
     <span class='ocr_line' id='line_1_40' title="bbox 77 2391 1927 2449; baseline -0.002 -15"><span class='ocrx_word' id='word_1_517' title='bbox 77 2395 331 2438; x_wconf 64' lang='lat' dir='ltr'>dicatae2inter</span> <span class='ocrx_word' id='word_1_518' title='bbox 345 2409 445 2449; x_wconf 84' lang='lat' dir='ltr'>quas</span> <span class='ocrx_word' id='word_1_519' title='bbox 463 2395 675 2436; x_wconf 82' lang='lat' dir='ltr'>Claudiani</span> <span class='ocrx_word' id='word_1_520' title='bbox 692 2398 812 2447; x_wconf 71' lang='lat' dir='ltr'>Poete</span> <span class='ocrx_word' id='word_1_521' title='bbox 826 2397 942 2435; x_wconf 88' lang='lat' dir='ltr'>etiam</span> <span class='ocrx_word' id='word_1_522' title='bbox 957 2394 1116 2448; x_wconf 85' lang='lat' dir='ltr'>infignis</span> <span class='ocrx_word' id='word_1_523' title='bbox 1130 2393 1218 2435; x_wconf 90' lang='lat' dir='ltr'>fuit.</span> <span class='ocrx_word' id='word_1_524' title='bbox 1242 2396 1287 2434; x_wconf 90' lang='lat' dir='ltr'>In</span> <span class='ocrx_word' id='word_1_525' title='bbox 1300 2394 1414 2434; x_wconf 86' lang='lat' dir='ltr'>huius</span> <span class='ocrx_word' id='word_1_526' title='bbox 1427 2394 1514 2434; x_wconf 84' lang='lat' dir='ltr'>Fori</span> <span class='ocrx_word' id='word_1_527' title='bbox 1529 2391 1927 2447; x_wconf 81' lang='lat' dir='ltr'>ruinis‚Symmachus</span> 
     </span>
    </p>

    <p class='ocr_par' dir='ltr' id='par_1_17' title="bbox 11 2448 1933 2565">
     <span class='ocr_line' id='line_1_41' title="bbox 11 2448 1933 2499; baseline -0.002 -7"><span class='ocrx_word' id='word_1_528' title='bbox 11 2466 13 2470; x_wconf 93' lang='lat'>·</span> <span class='ocrx_word' id='word_1_529' title='bbox 76 2453 277 2492; x_wconf 87' lang='lat' dir='ltr'>Romanus</span> <span class='ocrx_word' id='word_1_530' title='bbox 292 2451 475 2492; x_wconf 87' lang='lat' dir='ltr'>Pontifex</span> <span class='ocrx_word' id='word_1_531' title='bbox 490 2452 613 2494; x_wconf 80' lang='lat' dir='ltr'>aedem</span> <span class='ocrx_word' id='word_1_532' title='bbox 628 2453 738 2493; x_wconf 90' lang='lat' dir='ltr'>Diuo</span> <span class='ocrx_word' id='word_1_533' title='bbox 763 2452 904 2493; x_wconf 86' lang='lat' dir='ltr'>Bafilio</span> <span class='ocrx_word' id='word_1_534' title='bbox 920 2451 1063 2493; x_wconf 80' lang='lat' dir='ltr'>sacram</span> <span class='ocrx_word' id='word_1_535' title='bbox 1079 2453 1310 2493; x_wconf 85' lang='lat' dir='ltr'>construxit;</span> <span class='ocrx_word' id='word_1_536' title='bbox 1336 2450 1433 2491; x_wconf 84' lang='lat' dir='ltr'>ficut</span> <span class='ocrx_word' id='word_1_537' title='bbox 1447 2453 1486 2491; x_wconf 86' lang='lat'>&amp;</span> <span class='ocrx_word' id='word_1_538' title='bbox 1507 2448 1733 2490; x_wconf 87' lang='lat' dir='ltr'>Bonifacius</span> <span class='ocrx_word' id='word_1_539' title='bbox 1746 2449 1825 2499; x_wconf 81' lang='lat' dir='ltr'>viij.</span> <span class='ocrx_word' id='word_1_540' title='bbox 1849 2461 1933 2489; x_wconf 78' lang='lat' dir='ltr'>tres</span> 
     </span>
     <span class='ocr_line' id='line_1_42' title="bbox 75 2506 1929 2565; baseline -0.002 -15"><span class='ocrx_word' id='word_1_541' title='bbox 75 2509 204 2550; x_wconf 74' lang='lat' dir='ltr'>turres</span> <span class='ocrx_word' id='word_1_542' title='bbox 230 2508 398 2550; x_wconf 87' lang='lat' dir='ltr'>excelsas</span> <span class='ocrx_word' id='word_1_543' title='bbox 415 2536 428 2555; x_wconf 84' lang='grc'>,</span> <span class='ocrx_word' id='word_1_544' title='bbox 458 2523 645 2564; x_wconf 82' lang='lat' dir='ltr'>quarum,</span> <span class='ocrx_word' id='word_1_545' title='bbox 670 2524 754 2565; x_wconf 81' lang='lat' dir='ltr'>quae</span> <span class='ocrx_word' id='word_1_546' title='bbox 768 2510 897 2550; x_wconf 90' lang='lat' dir='ltr'>media</span> <span class='ocrx_word' id='word_1_547' title='bbox 910 2511 962 2551; x_wconf 91' lang='lat' dir='ltr'>est</span> <span class='ocrx_word' id='word_1_548' title='bbox 977 2536 990 2555; x_wconf 82' lang='lat'>·,</span> <span class='ocrx_word' id='word_1_549' title='bbox 1007 2511 1233 2551; x_wconf 86' lang='lat' dir='ltr'>militiarum</span> <span class='ocrx_word' id='word_1_550' title='bbox 1249 2509 1341 2549; x_wconf 89' lang='lat' dir='ltr'>ideo</span> <span class='ocrx_word' id='word_1_551' title='bbox 1356 2508 1457 2548; x_wconf 68' lang='lat' dir='ltr'>dicta</span> <span class='ocrx_word' id='word_1_552' title='bbox 1472 2533 1484 2553; x_wconf 81' lang='lat'>,</span> <span class='ocrx_word' id='word_1_553' title='bbox 1514 2506 1624 2562; x_wconf 76' lang='lat' dir='ltr'>quod</span> <span class='ocrx_word' id='word_1_554' title='bbox 1636 2509 1675 2547; x_wconf 91' lang='lat' dir='ltr'>in</span> <span class='ocrx_word' id='word_1_555' title='bbox 1687 2506 1774 2560; x_wconf 87' lang='lat' dir='ltr'>ipfis</span> <span class='ocrx_word' id='word_1_556' title='bbox 1791 2507 1929 2546; x_wconf 76' lang='lat' dir='ltr'>Traia-</span> 
     </span>
    </p>

    <p class='ocr_par' dir='ltr' id='par_1_18' title="bbox 10 2564 1931 2676">
     <span class='ocr_line' id='line_1_43' title="bbox 10 2564 1928 2622; baseline -0.002 -15"><span class='ocrx_word' id='word_1_557' title='bbox 10 2570 13 2572; x_wconf 71' lang='grc'>’</span> <span class='ocrx_word' id='word_1_558' title='bbox 78 2580 221 2607; x_wconf 86' lang='lat' dir='ltr'>norum</span> <span class='ocrx_word' id='word_1_559' title='bbox 248 2567 431 2608; x_wconf 89' lang='lat' dir='ltr'>militium</span> <span class='ocrx_word' id='word_1_560' title='bbox 460 2568 690 2608; x_wconf 85' lang='lat' dir='ltr'>stationibus</span> <span class='ocrx_word' id='word_1_561' title='bbox 715 2566 1020 2622; x_wconf 78' lang='lat' dir='ltr'>superaedificata</span> <span class='ocrx_word' id='word_1_562' title='bbox 1034 2566 1152 2608; x_wconf 85' lang='lat' dir='ltr'>fuerit</span> <span class='ocrx_word' id='word_1_563' title='bbox 1177 2596 1188 2606; x_wconf 86' lang='lat'>.</span> <span class='ocrx_word' id='word_1_564' title='bbox 1223 2568 1373 2607; x_wconf 84' lang='lat' dir='ltr'>Harum</span> <span class='ocrx_word' id='word_1_565' title='bbox 1395 2578 1523 2606; x_wconf 88' lang='lat' dir='ltr'>rerum</span> <span class='ocrx_word' id='word_1_566' title='bbox 1538 2565 1723 2605; x_wconf 87' lang='lat' dir='ltr'>authores</span> <span class='ocrx_word' id='word_1_567' title='bbox 1739 2564 1928 2609; x_wconf 84' lang='lat' dir='ltr'>existunt,</span> 
     </span>
     <span class='ocr_line' id='line_1_44' title="bbox 82 2622 1931 2676; baseline -0.002 -12"><span class='ocrx_word' id='word_1_568' title='bbox 82 2625 168 2664; x_wconf 87' lang='lat' dir='ltr'>Dio</span> <span class='ocrx_word' id='word_1_569' title='bbox 194 2623 342 2666; x_wconf 79' lang='lat' dir='ltr'>Caffius</span> <span class='ocrx_word' id='word_1_570' title='bbox 363 2626 404 2665; x_wconf 90' lang='lat' dir='ltr'>in</span> <span class='ocrx_word' id='word_1_571' title='bbox 421 2626 514 2666; x_wconf 82' lang='lat' dir='ltr'>Vita</span> <span class='ocrx_word' id='word_1_572' title='bbox 529 2627 709 2670; x_wconf 79' lang='lat' dir='ltr'>Traiani,</span> <span class='ocrx_word' id='word_1_573' title='bbox 730 2624 962 2666; x_wconf 80' lang='lat' dir='ltr'>Ammianus</span> <span class='ocrx_word' id='word_1_574' title='bbox 982 2625 1237 2666; x_wconf 86' lang='lat' dir='ltr'>Marcellinus</span> <span class='ocrx_word' id='word_1_575' title='bbox 1252 2623 1320 2664; x_wconf 90' lang='lat' dir='ltr'>lib.</span> <span class='ocrx_word' id='word_1_576' title='bbox 1340 2629 1402 2663; x_wconf 91' lang='lat'>16.</span> <span class='ocrx_word' id='word_1_577' title='bbox 1425 2623 1578 2664; x_wconf 87' lang='lat' dir='ltr'>Gellius</span> <span class='ocrx_word' id='word_1_578' title='bbox 1593 2622 1663 2662; x_wconf 90' lang='lat' dir='ltr'>lib.</span> <span class='ocrx_word' id='word_1_579' title='bbox 1680 2634 1744 2674; x_wconf 87' lang='lat'>13.</span> <span class='ocrx_word' id='word_1_580' title='bbox 1759 2634 1845 2676; x_wconf 85' lang='lat' dir='ltr'>cap.</span> <span class='ocrx_word' id='word_1_581' title='bbox 1858 2634 1931 2673; x_wconf 85' lang='lat'>23.</span> 
     </span>
    </p>

    <p class='ocr_par' dir='ltr' id='par_1_19' title="bbox 9 2681 1355 2735">
     <span class='ocr_line' id='line_1_45' title="bbox 9 2681 1355 2735; baseline -0.001 -14"><span class='ocrx_word' id='word_1_582' title='bbox 9 2722 11 2725; x_wconf 72' lang='lat'><em>,</em></span> <span class='ocrx_word' id='word_1_583' title='bbox 81 2681 261 2722; x_wconf 80' lang='lat' dir='ltr'>Blon&#39;dus</span> <span class='ocrx_word' id='word_1_584' title='bbox 279 2683 347 2722; x_wconf 87' lang='lat' dir='ltr'>lib.</span> <span class='ocrx_word' id='word_1_585' title='bbox 362 2697 399 2734; x_wconf 87' lang='lat'>3.</span> <span class='ocrx_word' id='word_1_586' title='bbox 416 2683 550 2723; x_wconf 82' lang='lat' dir='ltr'>Romae</span> <span class='ocrx_word' id='word_1_587' title='bbox 563 2684 782 2724; x_wconf 73' lang='lat' dir='ltr'>Instauratce</span> <span class='ocrx_word' id='word_1_588' title='bbox 795 2709 807 2727; x_wconf 59' lang='lat'>2</span> <span class='ocrx_word' id='word_1_589' title='bbox 825 2684 1039 2724; x_wconf 85' lang='lat' dir='ltr'>Mai-lianus</span> <span class='ocrx_word' id='word_1_590' title='bbox 1051 2683 1120 2722; x_wconf 91' lang='lat' dir='ltr'>lib.</span> <span class='ocrx_word' id='word_1_591' title='bbox 1137 2696 1173 2732; x_wconf 85' lang='lat'>3.</span> <span class='ocrx_word' id='word_1_592' title='bbox 1187 2695 1272 2735; x_wconf 85' lang='lat' dir='ltr'>cap.</span> <span class='ocrx_word' id='word_1_593' title='bbox 1289 2695 1355 2732; x_wconf 85' lang='lat'>13.</span> 
     </span>
    </p>

    <p class='ocr_par' dir='ltr' id='par_1_20' title="bbox 29 2735 1929 2910">
     <span class='ocr_line' id='line_1_46' title="bbox 29 2735 1928 2795; baseline -0.002 -15"><span class='ocrx_word' id='word_1_594' title='bbox 29 2748 44 2774; x_wconf 85' lang='lat'>1</span> <span class='ocrx_word' id='word_1_595' title='bbox 55 2749 85 2786; x_wconf 82' lang='lat'>3-</span> <span class='ocrx_word' id='word_1_596' title='bbox 103 2740 289 2780; x_wconf 81' lang='lat' dir='ltr'>&#39;Cancelli</span> <span class='ocrx_word' id='word_1_597' title='bbox 307 2742 400 2780; x_wconf 74' lang='lat' dir='ltr'>aenei</span> <span class='ocrx_word' id='word_1_598' title='bbox 414 2741 639 2795; x_wconf 81' lang='lat' dir='ltr'>capitellum</span> <span class='ocrx_word' id='word_1_599' title='bbox 653 2742 859 2782; x_wconf 75' lang='lat' dir='ltr'>Columna:</span> <span class='ocrx_word' id='word_1_600' title='bbox 872 2741 1161 2784; x_wconf 68' lang='lat' dir='ltr'>ambieiite52ita</span> <span class='ocrx_word' id='word_1_601' title='bbox 1177 2752 1219 2779; x_wconf 88' lang='lat' dir='ltr'>vt</span> <span class='ocrx_word' id='word_1_602' title='bbox 1232 2737 1395 2793; x_wconf 88' lang='lat' dir='ltr'>spatium</span> <span class='ocrx_word' id='word_1_603' title='bbox 1409 2750 1536 2779; x_wconf 90' lang='lat' dir='ltr'>tutum</span> <span class='ocrx_word' id='word_1_604' title='bbox 1549 2735 1928 2778; x_wconf 83' lang='lat' dir='ltr'>circumtranseunti-</span> 
     </span>
     <span class='ocr_line' id='line_1_47' title="bbox 78 2793 1928 2854; baseline -0.002 -17"><span class='ocrx_word' id='word_1_605' title='bbox 78 2798 155 2838; x_wconf 83' lang='lat' dir='ltr'>bus</span> <span class='ocrx_word' id='word_1_606' title='bbox 173 2799 439 2852; x_wconf 80' lang='lat' dir='ltr'>relinquerent</span> <span class='ocrx_word' id='word_1_607' title='bbox 452 2824 464 2842; x_wconf 83' lang='lat'>,</span> <span class='ocrx_word' id='word_1_608' title='bbox 479 2812 582 2839; x_wconf 90' lang='lat' dir='ltr'>nunc</span> <span class='ocrx_word' id='word_1_609' title='bbox 598 2811 677 2838; x_wconf 87' lang='lat' dir='ltr'>non</span> <span class='ocrx_word' id='word_1_610' title='bbox 692 2810 826 2839; x_wconf 84' lang='lat' dir='ltr'>extant</span> <span class='ocrx_word' id='word_1_611' title='bbox 838 2827 849 2837; x_wconf 92' lang='lat'><strong>.</strong></span> <span class='ocrx_word' id='word_1_612' title='bbox 874 2801 1008 2854; x_wconf 86' lang='lat' dir='ltr'>Qare</span> <span class='ocrx_word' id='word_1_613' title='bbox 1022 2810 1101 2837; x_wconf 87' lang='lat' dir='ltr'>non</span> <span class='ocrx_word' id='word_1_614' title='bbox 1116 2797 1195 2837; x_wconf 90' lang='lat' dir='ltr'>leui</span> <span class='ocrx_word' id='word_1_615' title='bbox 1211 2795 1248 2836; x_wconf 91' lang='lat' dir='ltr'>se</span> <span class='ocrx_word' id='word_1_616' title='bbox 1262 2796 1440 2850; x_wconf 89' lang='lat' dir='ltr'>periculo</span> <span class='ocrx_word' id='word_1_617' title='bbox 1456 2808 1658 2851; x_wconf 83' lang='lat' dir='ltr'>exponunt</span> <span class='ocrx_word' id='word_1_618' title='bbox 1672 2796 1696 2845; x_wconf 88' lang='lat' dir='ltr'>ij</span> <span class='ocrx_word' id='word_1_619' title='bbox 1714 2820 1727 2839; x_wconf 69' lang='lat' dir='ltr'>a</span> <span class='ocrx_word' id='word_1_620' title='bbox 1743 2795 1812 2849; x_wconf 92' lang='lat' dir='ltr'>qui</span> <span class='ocrx_word' id='word_1_621' title='bbox 1824 2793 1846 2834; x_wconf 91' lang='lat' dir='ltr'>s</span> <span class='ocrx_word' id='word_1_622' title='bbox 1841 2808 1928 2834; x_wconf 91' lang='lat' dir='ltr'>um-</span> 
     </span>
     <span class='ocr_line' id='line_1_48' title="bbox 75 2852 1929 2910; baseline -0.002 -16"><span class='ocrx_word' id='word_1_623' title='bbox 75 2857 257 2896; x_wconf 81' lang='lat' dir='ltr'>mitatem</span> <span class='ocrx_word' id='word_1_624' title='bbox 274 2856 481 2896; x_wconf 77' lang='lat' dir='ltr'>Columnae</span> <span class='ocrx_word' id='word_1_625' title='bbox 495 2855 818 2900; x_wconf 81' lang='lat' dir='ltr'>conscendentes,</span> <span class='ocrx_word' id='word_1_626' title='bbox 830 2855 1055 2910; x_wconf 87' lang='lat' dir='ltr'>capitellum</span> <span class='ocrx_word' id='word_1_627' title='bbox 1071 2853 1187 2909; x_wconf 80' lang='lat' dir='ltr'>ipsius</span> <span class='ocrx_word' id='word_1_628' title='bbox 1201 2853 1551 2894; x_wconf 87' lang='lat' dir='ltr'>circumambulant</span> <span class='ocrx_word' id='word_1_629' title='bbox 1563 2852 1758 2907; x_wconf 86' lang='lat' dir='ltr'>repagulis</span> <span class='ocrx_word' id='word_1_630' title='bbox 1770 2852 1929 2892; x_wconf 87' lang='lat' dir='ltr'>destitu-</span> 
     </span>
    </p>

    <p class='ocr_par' dir='ltr' id='par_1_21' title="bbox 12 2910 1931 3025">
     <span class='ocr_line' id='line_1_49' title="bbox 12 2910 1929 2968; baseline -0.003 -14"><span class='ocrx_word' id='word_1_631' title='bbox 12 2944 14 2947; x_wconf 48' lang='lat'>&gt;</span> <span class='ocrx_word' id='word_1_632' title='bbox 74 2924 176 2956; x_wconf 78' lang='lat' dir='ltr'>tum3</span> <span class='ocrx_word' id='word_1_633' title='bbox 194 2912 277 2953; x_wconf 87' lang='lat' dir='ltr'>fieri</span> <span class='ocrx_word' id='word_1_634' title='bbox 293 2915 397 2953; x_wconf 90' lang='lat' dir='ltr'>enim</span> <span class='ocrx_word' id='word_1_635' title='bbox 413 2912 527 2954; x_wconf 75' lang='lat' dir='ltr'>facile</span> <span class='ocrx_word' id='word_1_636' title='bbox 544 2915 683 2967; x_wconf 73' lang='lat' dir='ltr'>potest,</span> <span class='ocrx_word' id='word_1_637' title='bbox 695 2926 738 2955; x_wconf 94' lang='lat' dir='ltr'>vt</span> <span class='ocrx_word' id='word_1_638' title='bbox 754 2914 946 2968; x_wconf 75' lang='lat' dir='ltr'>vertigine</span> <span class='ocrx_word' id='word_1_639' title='bbox 966 2913 1152 2966; x_wconf 89' lang='lat' dir='ltr'>correpti,</span> <span class='ocrx_word' id='word_1_640' title='bbox 1164 2912 1203 2952; x_wconf 90' lang='lat' dir='ltr'>in</span> <span class='ocrx_word' id='word_1_641' title='bbox 1219 2913 1299 2951; x_wconf 87' lang='lat' dir='ltr'>ima</span> <span class='ocrx_word' id='word_1_642' title='bbox 1313 2912 1531 2965; x_wconf 74' lang='lat' dir='ltr'>praecipites</span> <span class='ocrx_word' id='word_1_643' title='bbox 1545 2911 1724 2952; x_wconf 86' lang='lat' dir='ltr'>labantur</span> <span class='ocrx_word' id='word_1_644' title='bbox 1736 2938 1747 2948; x_wconf 84' lang='lat'><strong>.</strong></span> <span class='ocrx_word' id='word_1_645' title='bbox 1785 2910 1929 2950; x_wconf 83' lang='lat' dir='ltr'>Tutius</span> 
     </span>
     <span class='ocr_line' id='line_1_50' title="bbox 77 2967 1931 3025; baseline -0.003 -14"><span class='ocrx_word' id='word_1_646' title='bbox 77 2972 198 3024; x_wconf 84' lang='lat' dir='ltr'>igitur</span> <span class='ocrx_word' id='word_1_647' title='bbox 212 2973 285 3011; x_wconf 88' lang='lat' dir='ltr'>erit</span> <span class='ocrx_word' id='word_1_648' title='bbox 296 2997 308 3016; x_wconf 80' lang='lat'>,</span> <span class='ocrx_word' id='word_1_649' title='bbox 323 2973 424 3013; x_wconf 71' lang='lat' dir='ltr'>intra</span> <span class='ocrx_word' id='word_1_650' title='bbox 441 2969 645 3013; x_wconf 85' lang='lat' dir='ltr'>fenestram</span> <span class='ocrx_word' id='word_1_651' title='bbox 657 2970 696 3012; x_wconf 92' lang='lat' dir='ltr'>se</span> <span class='ocrx_word' id='word_1_652' title='bbox 708 2973 911 3012; x_wconf 88' lang='lat' dir='ltr'>continere</span> <span class='ocrx_word' id='word_1_653' title='bbox 924 2971 974 3011; x_wconf 87' lang='lat' dir='ltr'>ad</span> <span class='ocrx_word' id='word_1_654' title='bbox 985 2984 1104 3025; x_wconf 88' lang='lat' dir='ltr'>quam</span> <span class='ocrx_word' id='word_1_655' title='bbox 1121 2969 1263 3023; x_wconf 86' lang='lat' dir='ltr'>gradus</span> <span class='ocrx_word' id='word_1_656' title='bbox 1278 2970 1556 3016; x_wconf 75' lang='lat' dir='ltr'>terminantur,</span> <span class='ocrx_word' id='word_1_657' title='bbox 1575 2971 1615 3011; x_wconf 61' lang='grc' dir='ltr'>δέ</span> <span class='ocrx_word' id='word_1_658' title='bbox 1625 2967 1718 3010; x_wconf 76' lang='lat' dir='ltr'>inde</span> <span class='ocrx_word' id='word_1_659' title='bbox 1727 2976 1931 3021; x_wconf 85' lang='lat' dir='ltr'>vtcunque</span> 
     </span>
    </p>

    <p class='ocr_par' dir='ltr' id='par_1_22' title="bbox 3 3028 1934 3200">
     <span class='ocr_line' id='line_1_51' title="bbox 7 3028 1266 3085; baseline -0.001 -18"><span class='ocrx_word' id='word_1_660' title='bbox 7 3075 8 3078; x_wconf 11' lang='grc' dir='ltr'><strong>Ἴ</strong></span> <span class='ocrx_word' id='word_1_661' title='bbox 75 3028 324 3083; x_wconf 63' lang='lat' dir='ltr'>prospectare</span> <span class='ocrx_word' id='word_1_662' title='bbox 336 3056 348 3074; x_wconf 63' lang='lat'>2</span> <span class='ocrx_word' id='word_1_663' title='bbox 362 3029 483 3085; x_wconf 71' lang='lat' dir='ltr'>quam</span> <span class='ocrx_word' id='word_1_664' title='bbox 495 3028 602 3070; x_wconf 88' lang='lat' dir='ltr'>foras</span> <span class='ocrx_word' id='word_1_665' title='bbox 619 3042 708 3070; x_wconf 91' lang='lat' dir='ltr'>cum</span> <span class='ocrx_word' id='word_1_666' title='bbox 719 3041 829 3070; x_wconf 83' lang='lat' dir='ltr'>tanto</span> <span class='ocrx_word' id='word_1_667' title='bbox 844 3029 1022 3083; x_wconf 91' lang='lat' dir='ltr'>periculo</span> <span class='ocrx_word' id='word_1_668' title='bbox 1037 3039 1243 3081; x_wconf 87' lang='lat' dir='ltr'>erumpere</span> <span class='ocrx_word' id='word_1_669' title='bbox 1255 3056 1266 3066; x_wconf 91' lang='lat'><strong>.</strong></span> 
     </span>
     <span class='ocr_line' id='line_1_52' title="bbox 3 3077 1930 3141; baseline -0.002 -14"><span class='ocrx_word' id='word_1_670' title='bbox 3 3122 9 3140; x_wconf 68' lang='grc'>,,</span> <span class='ocrx_word' id='word_1_671' title='bbox 26 3101 76 3140; x_wconf 77' lang='lat'>14</span> <span class='ocrx_word' id='word_1_672' title='bbox 106 3086 288 3128; x_wconf 89' lang='lat' dir='ltr'>Celebris</span> <span class='ocrx_word' id='word_1_673' title='bbox 304 3088 385 3128; x_wconf 82' lang='lat' dir='ltr'>haec</span> <span class='ocrx_word' id='word_1_674' title='bbox 399 3090 556 3130; x_wconf 86' lang='lat' dir='ltr'>Traiani</span> <span class='ocrx_word' id='word_1_675' title='bbox 573 3088 774 3130; x_wconf 91' lang='lat' dir='ltr'>Columna</span> <span class='ocrx_word' id='word_1_676' title='bbox 785 3087 826 3127; x_wconf 89' lang='lat' dir='ltr'>in</span> <span class='ocrx_word' id='word_1_677' title='bbox 839 3085 994 3140; x_wconf 86' lang='lat' dir='ltr'>fastigio</span> <span class='ocrx_word' id='word_1_678' title='bbox 1011 3083 1201 3125; x_wconf 85' lang='lat' dir='ltr'>colossum</span> <span class='ocrx_word' id='word_1_679' title='bbox 1219 3085 1358 3128; x_wconf 87' lang='lat' dir='ltr'>habuit</span> <span class='ocrx_word' id='word_1_680' title='bbox 1373 3084 1727 3141; x_wconf 73' lang='lat' dir='ltr'>superimpositum&gt;</span> <span class='ocrx_word' id='word_1_681' title='bbox 1737 3079 1845 3123; x_wconf 69' lang='lat' dir='ltr'>idest,</span> <span class='ocrx_word' id='word_1_682' title='bbox 1858 3077 1930 3119; x_wconf 65' lang='lat' dir='ltr'>sta‘</span> 
     </span>
     <span class='ocr_line' id='line_1_53' title="bbox 10 3136 1934 3200; baseline -0.003 -14"><span class='ocrx_word' id='word_1_683' title='bbox 10 3144 13 3149; x_wconf 87' lang='lat'>&#39;</span> <span class='ocrx_word' id='word_1_684' title='bbox 76 3158 188 3188; x_wconf 73' lang='lat' dir='ltr'>tuam</span> <span class='ocrx_word' id='word_1_685' title='bbox 205 3144 321 3198; x_wconf 84' lang='lat' dir='ltr'>ipsius</span> <span class='ocrx_word' id='word_1_686' title='bbox 336 3148 493 3187; x_wconf 88' lang='lat' dir='ltr'>Traiani</span> <span class='ocrx_word' id='word_1_687' title='bbox 509 3146 731 3187; x_wconf 78' lang='lat' dir='ltr'>immodicae</span> <span class='ocrx_word' id='word_1_688' title='bbox 743 3145 988 3200; x_wconf 89' lang='lat' dir='ltr'>proceritatis</span> <span class='ocrx_word' id='word_1_689' title='bbox 1007 3145 1174 3184; x_wconf 57' lang='lat' dir='ltr'>erectam</span> <span class='ocrx_word' id='word_1_690' title='bbox 1189 3143 1322 3185; x_wconf 88' lang='lat' dir='ltr'>:cuius</span> <span class='ocrx_word' id='word_1_691' title='bbox 1334 3146 1389 3186; x_wconf 91' lang='lat' dir='ltr'>rei</span> <span class='ocrx_word' id='word_1_692' title='bbox 1402 3144 1524 3185; x_wconf 87' lang='lat' dir='ltr'>fidem</span> <span class='ocrx_word' id='word_1_693' title='bbox 1538 3143 1687 3185; x_wconf 90' lang='lat' dir='ltr'>faciunt</span> <span class='ocrx_word' id='word_1_694' title='bbox 1702 3136 1905 3179; x_wconf 71' lang='lat' dir='ltr'>eiusderm</span> <span class='ocrx_word' id='word_1_695' title='bbox 1919 3162 1934 3181; x_wconf 68' lang='lat'>9</span> 
     </span>
    </p>
   </div>
   <div class='ocr_carea' id='block_1_2' title="bbox 74 3199 1935 3301">
    <p class='ocr_par' dir='ltr' id='par_1_23' title="bbox 74 3199 1935 3301">
     <span class='ocr_line' id='line_1_54' title="bbox 74 3199 1935 3294; baseline 0 -46"><span class='ocrx_word' id='word_1_696' title='bbox 74 3207 148 3264; x_wconf 82' lang='lat' dir='ltr'>qui</span> <span class='ocrx_word' id='word_1_697' title='bbox 160 3204 346 3250; x_wconf 81' lang='lat' dir='ltr'>visuntur,</span> <span class='ocrx_word' id='word_1_698' title='bbox 359 3206 509 3248; x_wconf 80' lang='lat' dir='ltr'>nummi</span> <span class='ocrx_word' id='word_1_699' title='bbox 527 3234 537 3245; x_wconf 91' lang='lat'>.</span> <span class='ocrx_word' id='word_1_700' title='bbox 585 3205 680 3247; x_wconf 84' lang='lat' dir='ltr'>Erat</span> <span class='ocrx_word' id='word_1_701' title='bbox 693 3216 822 3246; x_wconf 84' lang='lat' dir='ltr'>autem</span> <span class='ocrx_word' id='word_1_702' title='bbox 838 3202 959 3246; x_wconf 82' lang='lat' dir='ltr'>statua</span> <span class='ocrx_word' id='word_1_703' title='bbox 970 3199 1196 3244; x_wconf 88' lang='lat' dir='ltr'>huiusmodi</span> <span class='ocrx_word' id='word_1_704' title='bbox 1207 3201 1394 3256; x_wconf 86' lang='lat' dir='ltr'>paludata</span> <span class='ocrx_word' id='word_1_705' title='bbox 1406 3229 1418 3249; x_wconf 76' lang='lat'>2</span> <span class='ocrx_word' id='word_1_706' title='bbox 1431 3203 1631 3245; x_wconf 79' lang='lat' dir='ltr'>thoracata</span> <span class='ocrx_word' id='word_1_707' title='bbox 1641 3227 1654 3248; x_wconf 82' lang='lat'><strong>&gt;</strong></span> <span class='ocrx_word' id='word_1_708' title='bbox 1674 3201 1716 3240; x_wconf 82' lang='lat'>&amp;</span> <span class='ocrx_word' id='word_1_709' title='bbox 1730 3207 1935 3294; x_wconf 44' lang='lat' dir='ltr'>oei-beatas:</span> 
     </span>
     <span class='ocr_line' id='line_1_55' title="bbox 1035 3265 1890 3301; baseline -0.008 0"><span class='ocrx_word' id='word_1_710' title='bbox 1035 3272 1058 3301; x_wconf 80' lang='lat' dir='ltr'>a</span> <span class='ocrx_word' id='word_1_711' title='bbox 1121 3274 1140 3299; x_wconf 89' lang='lat'>2</span> <span class='ocrx_word' id='word_1_712' title='bbox 1749 3266 1795 3295; x_wconf 90' lang='lat' dir='ltr'>or</span> <span class='ocrx_word' id='word_1_713' title='bbox 1827 3265 1890 3294; x_wconf 83' lang='lat' dir='ltr'>em</span> 
     </span>
    </p>
   </div>
  </div>
 </body>
</html>
