<?xml version="1.0" encoding="UTF-8"?>
<!DOCTYPE html PUBLIC "-//W3C//DTD XHTML 1.0 Transitional//EN"
    "http://www.w3.org/TR/xhtml1/DTD/xhtml1-transitional.dtd">
<html xmlns="http://www.w3.org/1999/xhtml" xml:lang="en" lang="en">
 <head>
  <title>
</title>
<meta http-equiv="Content-Type" content="text/html;charset=utf-8" />
  <meta name='ocr-system' content='tesseract 3.04.00' />
  <meta name='ocr-capabilities' content='ocr_page ocr_carea ocr_par ocr_line ocrx_word'/>
</head>
<body>
  <div class='ocr_page' id='page_1' title='image "./raphaelisfabrett00fabr_0397.png"; bbox 0 0 2221 3512; ppageno 0'>
   <div class='ocr_carea' id='block_1_1' title="bbox 282 121 1827 230">
    <p class='ocr_par' dir='ltr' id='par_1_1' title="bbox 282 121 1827 230">
     <span class='ocr_line' id='line_1_1' title="bbox 282 121 1827 230; baseline 0.007 -33"><span class='ocrx_word' id='word_1_1' title='bbox 282 134 416 201; x_wconf 82' lang='lat' dir='ltr'>DE</span> <span class='ocrx_word' id='word_1_2' title='bbox 502 121 1117 206; x_wconf 74' lang='lat' dir='ltr'>EMissARio</span> <span class='ocrx_word' id='word_1_3' title='bbox 1205 140 1574 207; x_wconf 75' lang='lat' dir='ltr'>Fvcmi</span> <span class='ocrx_word' id='word_1_4' title='bbox 1700 146 1827 230; x_wconf 78' lang='lat'>387</span> 
     </span>
    </p>
   </div>
   <div class='ocr_carea' id='block_1_2' title="bbox 4 238 1906 3240">
    <p class='ocr_par' dir='ltr' id='par_1_2' title="bbox 14 238 1906 1709">
     <span class='ocr_line' id='line_1_2' title="bbox 28 238 1906 317; baseline 0.006 -27"><span class='ocrx_word' id='word_1_5' title='bbox 28 238 39 268; x_wconf 81' lang='lat'><strong><em>¹</em></strong></span> <span class='ocrx_word' id='word_1_6' title='bbox 83 243 191 291; x_wconf 85' lang='lat' dir='ltr'>Belli</span> <span class='ocrx_word' id='word_1_7' title='bbox 212 241 368 303; x_wconf 74' lang='lat' dir='ltr'>arcem,</span> <span class='ocrx_word' id='word_1_8' title='bbox 381 266 431 295; x_wconf 86' lang='lat' dir='ltr'>ex</span> <span class='ocrx_word' id='word_1_9' title='bbox 442 254 552 296; x_wconf 84' lang='lat' dir='ltr'>cuius</span> <span class='ocrx_word' id='word_1_10' title='bbox 570 256 697 297; x_wconf 81' lang='lat' dir='ltr'>ruinis</span> <span class='ocrx_word' id='word_1_11' title='bbox 705 251 832 316; x_wconf 81' lang='lat' dir='ltr'>postea</span> <span class='ocrx_word' id='word_1_12' title='bbox 847 252 1004 316; x_wconf 75' lang='lat' dir='ltr'>cremffi</span> <span class='ocrx_word' id='word_1_13' title='bbox 1011 260 1246 317; x_wconf 80' lang='lat' dir='ltr'>proximum</span> <span class='ocrx_word' id='word_1_14' title='bbox 1263 249 1462 317; x_wconf 81' lang='lat' dir='ltr'><em>Oppidum</em></span> <span class='ocrx_word' id='word_1_15' title='bbox 1476 252 1691 316; x_wconf 81' lang='lat' dir='ltr'><em>Populum,</em></span> <span class='ocrx_word' id='word_1_16' title='bbox 1705 252 1817 300; x_wconf 79' lang='lat' dir='ltr'>haud</span> <span class='ocrx_word' id='word_1_17' title='bbox 1830 249 1906 301; x_wconf 52' lang='lat' dir='ltr'>duss</span> 
     </span>
     <span class='ocr_line' id='line_1_3' title="bbox 81 312 1902 386; baseline 0 -16"><span class='ocrx_word' id='word_1_18' title='bbox 81 312 194 361; x_wconf 70' lang='lat' dir='ltr'>bium</span> <span class='ocrx_word' id='word_1_19' title='bbox 209 320 277 382; x_wconf 75' lang='lat' dir='ltr'><em>ff</em></span> <span class='ocrx_word' id='word_1_20' title='bbox 293 352 308 375; x_wconf 89' lang='lat'>‚</span> <span class='ocrx_word' id='word_1_21' title='bbox 325 319 554 366; x_wconf 86' lang='lat' dir='ltr'>Cluuerius</span> <span class='ocrx_word' id='word_1_22' title='bbox 572 318 665 384; x_wconf 87' lang='lat' dir='ltr'>post</span> <span class='ocrx_word' id='word_1_23' title='bbox 679 320 786 367; x_wconf 83' lang='lat' dir='ltr'>alios</span> <span class='ocrx_word' id='word_1_24' title='bbox 803 319 974 367; x_wconf 85' lang='lat' dir='ltr'>testatur</span> <span class='ocrx_word' id='word_1_25' title='bbox 986 353 997 364; x_wconf 89' lang='lat'>-</span> <span class='ocrx_word' id='word_1_26' title='bbox 1029 327 1111 371; x_wconf 89' lang='lat' dir='ltr'>Per</span> <span class='ocrx_word' id='word_1_27' title='bbox 1126 323 1254 370; x_wconf 82' lang='lat' dir='ltr'>Viam</span> <span class='ocrx_word' id='word_1_28' title='bbox 1271 323 1493 386; x_wconf 84' lang='lat' dir='ltr'>(inquam)</span> <span class='ocrx_word' id='word_1_29' title='bbox 1511 322 1742 375; x_wconf 77' lang='lat' dir='ltr'>Valeriam,</span> <span class='ocrx_word' id='word_1_30' title='bbox 1756 321 1810 369; x_wconf 85' lang='lat' dir='ltr'>ab</span> <span class='ocrx_word' id='word_1_31' title='bbox 1823 327 1902 370; x_wconf 87' lang='lat' dir='ltr'>Vr-</span> 
     </span>
     <span class='ocr_line' id='line_1_4' title="bbox 72 381 1897 457; baseline 0.005 -30"><span class='ocrx_word' id='word_1_32' title='bbox 72 381 132 454; x_wconf 77' lang='lat' dir='ltr'>b&#39;e</span> <span class='ocrx_word' id='word_1_33' title='bbox 146 384 198 430; x_wconf 88' lang='lat' dir='ltr'>ad</span> <span class='ocrx_word' id='word_1_34' title='bbox 212 387 488 452; x_wconf 79' lang='lat' dir='ltr'>oppidulum</span> <span class='ocrx_word' id='word_1_35' title='bbox 508 389 548 434; x_wconf 88' lang='lat' dir='ltr'>le</span> <span class='ocrx_word' id='word_1_36' title='bbox 564 390 677 436; x_wconf 84' lang='lat' dir='ltr'>Celle</span> <span class='ocrx_word' id='word_1_37' title='bbox 688 386 732 434; x_wconf 78' lang='lat' dir='ltr'>di</span> <span class='ocrx_word' id='word_1_38' title='bbox 749 389 896 452; x_wconf 76' lang='lat' dir='ltr'>Carsbli</span> <span class='ocrx_word' id='word_1_39' title='bbox 910 405 1205 457; x_wconf 89' lang='lat' dir='ltr'>nuncupatum</span> <span class='ocrx_word' id='word_1_40' title='bbox 1221 391 1527 441; x_wconf 78' lang='lat' dir='ltr'>XXXXLmil.</span> <span class='ocrx_word' id='word_1_41' title='bbox 1541 390 1647 456; x_wconf 86' lang='lat' dir='ltr'>pass.</span> <span class='ocrx_word' id='word_1_42' title='bbox 1665 393 1897 447; x_wconf 85' lang='lat' dir='ltr'>numerari,</span> 
     </span>
     <span class='ocr_line' id='line_1_5' title="bbox 76 453 1895 526; baseline 0.006 -29"><span class='ocrx_word' id='word_1_43' title='bbox 76 469 127 498; x_wconf 87' lang='lat' dir='ltr'>ex</span> <span class='ocrx_word' id='word_1_44' title='bbox 142 453 283 521; x_wconf 83' lang='lat' dir='ltr'>lapide</span> <span class='ocrx_word' id='word_1_45' title='bbox 297 458 500 504; x_wconf 83' lang='lat' dir='ltr'>milliario</span> <span class='ocrx_word' id='word_1_46' title='bbox 519 457 679 504; x_wconf 85' lang='lat' dir='ltr'>ostendi</span> <span class='ocrx_word' id='word_1_47' title='bbox 696 458 739 505; x_wconf 90' lang='lat' dir='ltr'>in</span> <span class='ocrx_word' id='word_1_48' title='bbox 757 457 927 506; x_wconf 81' lang='lat' dir='ltr'>Differt.</span> <span class='ocrx_word' id='word_1_49' title='bbox 942 462 991 507; x_wconf 91' lang='lat'>11.</span> <span class='ocrx_word' id='word_1_50' title='bbox 1006 459 1058 508; x_wconf 93' lang='lat' dir='ltr'>de</span> <span class='ocrx_word' id='word_1_51' title='bbox 1072 463 1162 526; x_wconf 90' lang='lat' dir='ltr'>Aq.</span> <span class='ocrx_word' id='word_1_52' title='bbox 1174 469 1218 508; x_wconf 71' lang='grc' dir='ltr'>δε</span> <span class='ocrx_word' id='word_1_53' title='bbox 1235 460 1418 526; x_wconf 82' lang='lat' dir='ltr'>Aquaed.</span> <span class='ocrx_word' id='word_1_54' title='bbox 1433 477 1556 508; x_wconf 87' lang='lat' dir='ltr'>num.</span> <span class='ocrx_word' id='word_1_55' title='bbox 1579 471 1638 508; x_wconf 79' lang='lat'>16</span> <span class='ocrx_word' id='word_1_56' title='bbox 1642 478 1683 509; x_wconf 74' lang='lat'>2,-</span> <span class='ocrx_word' id='word_1_57' title='bbox 1697 479 1710 515; x_wconf 83' lang='lat'><em>3</em></span> <span class='ocrx_word' id='word_1_58' title='bbox 1727 462 1828 507; x_wconf 88' lang='lat' dir='ltr'>hinc</span> <span class='ocrx_word' id='word_1_59' title='bbox 1842 459 1895 508; x_wconf 91' lang='lat' dir='ltr'>ad</span> 
     </span>
     <span class='ocr_line' id='line_1_6' title="bbox 75 520 1892 592; baseline 0.005 -23"><span class='ocrx_word' id='word_1_60' title='bbox 75 520 301 573; x_wconf 75' lang='lat' dir='ltr'>summum</span> <span class='ocrx_word' id='word_1_61' title='bbox 316 527 467 592; x_wconf 88' lang='lat' dir='ltr'>iugum</span> <span class='ocrx_word' id='word_1_62' title='bbox 485 530 663 582; x_wconf 83' lang='lat' dir='ltr'>montis,</span> <span class='ocrx_word' id='word_1_63' title='bbox 677 525 800 592; x_wconf 81' lang='lat' dir='ltr'>supra</span> <span class='ocrx_word' id='word_1_64' title='bbox 815 529 976 576; x_wconf 85' lang='lat' dir='ltr'>Vicum</span> <span class='ocrx_word' id='word_1_65' title='bbox 992 530 1035 578; x_wconf 81' lang='lat' dir='ltr'>di</span> <span class='ocrx_word' id='word_1_66' title='bbox 1051 529 1297 585; x_wconf 67' lang='lat' dir='ltr'>Colle7sunt</span> <span class='ocrx_word' id='word_1_67' title='bbox 1319 531 1428 579; x_wconf 86' lang='lat' dir='ltr'>mill.</span> <span class='ocrx_word' id='word_1_68' title='bbox 1443 534 1483 577; x_wconf 92' lang='lat' dir='ltr'>V</span> <span class='ocrx_word' id='word_1_69' title='bbox 1487 534 1539 577; x_wconf 85' lang='lat'>11.</span> <span class='ocrx_word' id='word_1_70' title='bbox 1555 539 1597 578; x_wconf 70' lang='grc' dir='ltr'>ὅ(</span> <span class='ocrx_word' id='word_1_71' title='bbox 1613 531 1737 577; x_wconf 89' lang='lat' dir='ltr'>semis</span> <span class='ocrx_word' id='word_1_72' title='bbox 1751 549 1766 586; x_wconf 80' lang='lat'><em>3</em></span> <span class='ocrx_word' id='word_1_73' title='bbox 1792 530 1892 580; x_wconf 72' lang='lat' dir='ltr'>inde</span> 
     </span>
     <span class='ocr_line' id='line_1_7' title="bbox 75 592 1891 665; baseline 0.006 -28"><span class='ocrx_word' id='word_1_74' title='bbox 75 592 372 644; x_wconf 81' lang='lat' dir='ltr'>Taleacotium</span> <span class='ocrx_word' id='word_1_75' title='bbox 388 598 467 644; x_wconf 81' lang='lat' dir='ltr'>alia</span> <span class='ocrx_word' id='word_1_76' title='bbox 483 599 551 645; x_wconf 88' lang='lat' dir='ltr'>M.</span> <span class='ocrx_word' id='word_1_77' title='bbox 569 601 617 645; x_wconf 88' lang='lat' dir='ltr'>P.</span> <span class='ocrx_word' id='word_1_78' title='bbox 632 602 673 645; x_wconf 94' lang='lat' dir='ltr'>II</span> <span class='ocrx_word' id='word_1_79' title='bbox 687 614 702 652; x_wconf 73' lang='lat'>3</span> <span class='ocrx_word' id='word_1_80' title='bbox 715 598 877 663; x_wconf 88' lang='lat' dir='ltr'>reliqua</span> <span class='ocrx_word' id='word_1_81' title='bbox 890 601 985 647; x_wconf 80' lang='lat' dir='ltr'>XII.</span> <span class='ocrx_word' id='word_1_82' title='bbox 1007 603 1075 647; x_wconf 86' lang='lat' dir='ltr'>M.</span> <span class='ocrx_word' id='word_1_83' title='bbox 1090 604 1139 648; x_wconf 89' lang='lat' dir='ltr'>P.</span> <span class='ocrx_word' id='word_1_84' title='bbox 1155 608 1196 647; x_wconf 71' lang='grc' dir='ltr'>δε</span> <span class='ocrx_word' id='word_1_85' title='bbox 1210 600 1374 663; x_wconf 82' lang='lat' dir='ltr'>aliquid</span> <span class='ocrx_word' id='word_1_86' title='bbox 1390 600 1588 665; x_wconf 72' lang='lat' dir='ltr'>amplius,</span> <span class='ocrx_word' id='word_1_87' title='bbox 1601 601 1623 645; x_wconf 72' lang='grc' dir='ltr'>εὶ</span> <span class='ocrx_word' id='word_1_88' title='bbox 1648 601 1891 649; x_wconf 76' lang='lat' dir='ltr'>saleacotio</span> 
     </span>
     <span class='ocr_line' id='line_1_8' title="bbox 22 661 1890 732; baseline 0.004 -18"><span class='ocrx_word' id='word_1_89' title='bbox 22 672 37 714; x_wconf 73' lang='lat'>12</span> <span class='ocrx_word' id='word_1_90' title='bbox 74 661 126 709; x_wconf 85' lang='lat' dir='ltr'>ad</span> <span class='ocrx_word' id='word_1_91' title='bbox 144 666 354 714; x_wconf 87' lang='lat' dir='ltr'>Fucinum</span> <span class='ocrx_word' id='word_1_92' title='bbox 366 666 514 732; x_wconf 77' lang='lat' dir='ltr'>reperij</span> <span class='ocrx_word' id='word_1_93' title='bbox 526 701 540 725; x_wconf 87' lang='lat'>,</span> <span class='ocrx_word' id='word_1_94' title='bbox 559 666 742 732; x_wconf 82' lang='lat' dir='ltr'>Oppido</span> <span class='ocrx_word' id='word_1_95' title='bbox 757 668 961 715; x_wconf 84' lang='lat' dir='ltr'>Scurculae</span> <span class='ocrx_word' id='word_1_96' title='bbox 976 667 1121 717; x_wconf 88' lang='lat' dir='ltr'>medio</span> <span class='ocrx_word' id='word_1_97' title='bbox 1136 668 1423 717; x_wconf 86' lang='lat' dir='ltr'>intercedente</span> <span class='ocrx_word' id='word_1_98' title='bbox 1435 704 1448 719; x_wconf 87' lang='lat'><strong>.</strong></span> <span class='ocrx_word' id='word_1_99' title='bbox 1887 662 1890 666; x_wconf 18' lang='grc' dir='ltr'><strong>Δ</strong></span> 
     </span>
     <span class='ocr_line' id='line_1_9' title="bbox 144 735 1892 804; baseline 0.001 -22"><span class='ocrx_word' id='word_1_100' title='bbox 144 735 309 783; x_wconf 87' lang='lat' dir='ltr'>Vrbem</span> <span class='ocrx_word' id='word_1_101' title='bbox 323 735 491 801; x_wconf 85' lang='lat' dir='ltr'>respicit</span> <span class='ocrx_word' id='word_1_102' title='bbox 506 736 558 782; x_wconf 89' lang='lat' dir='ltr'>ab</span> <span class='ocrx_word' id='word_1_103' title='bbox 571 739 754 785; x_wconf 86' lang='lat' dir='ltr'>Oriente</span> <span class='ocrx_word' id='word_1_104' title='bbox 762 736 969 791; x_wconf 81' lang='lat' dir='ltr'>aestiu0‚&amp;</span> <span class='ocrx_word' id='word_1_105' title='bbox 986 738 1206 803; x_wconf 75' lang='lat' dir='ltr'>aliquanto</span> <span class='ocrx_word' id='word_1_106' title='bbox 1221 741 1348 786; x_wconf 89' lang='lat' dir='ltr'>etiam</span> <span class='ocrx_word' id='word_1_107' title='bbox 1362 736 1534 785; x_wconf 71' lang='lat' dir='ltr'>vlterius</span> <span class='ocrx_word' id='word_1_108' title='bbox 1548 738 1595 785; x_wconf 88' lang='lat' dir='ltr'>in</span> <span class='ocrx_word' id='word_1_109' title='bbox 1611 738 1892 804; x_wconf 51' lang='lat' dir='ltr'>Septemtrioss</span> 
     </span>
     <span class='ocr_line' id='line_1_10' title="bbox 70 805 1536 872; baseline 0 -20"><span class='ocrx_word' id='word_1_110' title='bbox 70 822 174 872; x_wconf 81' lang='lat' dir='ltr'>nes3</span> <span class='ocrx_word' id='word_1_111' title='bbox 193 822 352 871; x_wconf 90' lang='lat' dir='ltr'>nempe</span> <span class='ocrx_word' id='word_1_112' title='bbox 368 824 443 871; x_wconf 87' lang='lat' dir='ltr'>per</span> <span class='ocrx_word' id='word_1_113' title='bbox 454 805 608 870; x_wconf 83' lang='lat' dir='ltr'>gradus</span> <span class='ocrx_word' id='word_1_114' title='bbox 626 810 746 854; x_wconf 85' lang='lat' dir='ltr'>XVI·</span> <span class='ocrx_word' id='word_1_115' title='bbox 768 806 904 853; x_wconf 87' lang='lat' dir='ltr'>Africi</span> <span class='ocrx_word' id='word_1_116' title='bbox 922 809 1053 855; x_wconf 90' lang='lat' dir='ltr'>Venti</span> <span class='ocrx_word' id='word_1_117' title='bbox 1070 808 1210 857; x_wconf 75' lang='lat' dir='ltr'>versus</span> <span class='ocrx_word' id='word_1_118' title='bbox 1226 809 1512 856; x_wconf 89' lang='lat' dir='ltr'>Occidentem</span> <span class='ocrx_word' id='word_1_119' title='bbox 1525 839 1536 851; x_wconf 93' lang='lat'>.</span> 
     </span>
     <span class='ocr_line' id='line_1_11' title="bbox 68 873 1887 942; baseline 0.001 -19"><span class='ocrx_word' id='word_1_120' title='bbox 68 899 77 903; x_wconf 89' lang='lat'><em>·</em></span> <span class='ocrx_word' id='word_1_121' title='bbox 140 873 347 923; x_wconf 86' lang='lat' dir='ltr'>Ambitus</span> <span class='ocrx_word' id='word_1_122' title='bbox 373 875 498 941; x_wconf 83' lang='lat' dir='ltr'>ipfius</span> <span class='ocrx_word' id='word_1_123' title='bbox 524 893 599 940; x_wconf 87' lang='lat' dir='ltr'>per</span> <span class='ocrx_word' id='word_1_124' title='bbox 621 875 793 923; x_wconf 84' lang='lat' dir='ltr'>lacinias</span> <span class='ocrx_word' id='word_1_125' title='bbox 814 874 986 924; x_wconf 85' lang='lat' dir='ltr'>smuum</span> <span class='ocrx_word' id='word_1_126' title='bbox 1000 885 1044 925; x_wconf 85' lang='lat'><strong>&amp;</strong></span> <span class='ocrx_word' id='word_1_127' title='bbox 1058 880 1463 942; x_wconf 87' lang='lat' dir='ltr'>promontoriorum</span> <span class='ocrx_word' id='word_1_128' title='bbox 1491 880 1533 924; x_wconf 91' lang='lat' dir='ltr'>in</span> <span class='ocrx_word' id='word_1_129' title='bbox 1550 894 1650 925; x_wconf 88' lang='lat' dir='ltr'>eum</span> <span class='ocrx_word' id='word_1_130' title='bbox 1667 881 1887 925; x_wconf 84' lang='lat' dir='ltr'>excurren-</span> 
     </span>
     <span class='ocr_line' id='line_1_12' title="bbox 24 945 1887 1013; baseline 0.001 -22"><span class='ocrx_word' id='word_1_131' title='bbox 24 977 26 986; x_wconf 39' lang='grc' dir='ltr'>ι</span> <span class='ocrx_word' id='word_1_132' title='bbox 68 946 195 999; x_wconf 79' lang='lat' dir='ltr'>tium,</span> <span class='ocrx_word' id='word_1_133' title='bbox 207 951 352 993; x_wconf 80' lang='lat' dir='ltr'><strong>XXX.</strong></span> <span class='ocrx_word' id='word_1_134' title='bbox 367 946 616 993; x_wconf 86' lang='lat' dir='ltr'>milliarium</span> <span class='ocrx_word' id='word_1_135' title='bbox 628 953 670 992; x_wconf 72' lang='grc' dir='ltr'>δε</span> <span class='ocrx_word' id='word_1_136' title='bbox 690 945 799 993; x_wconf 70' lang='lat' dir='ltr'>vltra</span> <span class='ocrx_word' id='word_1_137' title='bbox 813 945 870 993; x_wconf 90' lang='lat' dir='ltr'>est</span> <span class='ocrx_word' id='word_1_138' title='bbox 884 964 895 992; x_wconf 90' lang='lat'>:</span> <span class='ocrx_word' id='word_1_139' title='bbox 909 947 1148 996; x_wconf 84' lang='lat' dir='ltr'>rotundatis</span> <span class='ocrx_word' id='word_1_140' title='bbox 1166 961 1311 997; x_wconf 86' lang='lat' dir='ltr'>autem</span> <span class='ocrx_word' id='word_1_141' title='bbox 1323 949 1514 1003; x_wconf 82' lang='lat' dir='ltr'>flexuris,</span> <span class='ocrx_word' id='word_1_142' title='bbox 1533 952 1698 997; x_wconf 81' lang='lat' dir='ltr'>XXVI·</span> <span class='ocrx_word' id='word_1_143' title='bbox 1715 956 1757 995; x_wconf 84' lang='lat'>&amp;</span> <span class='ocrx_word' id='word_1_144' title='bbox 1767 947 1887 1013; x_wconf 84' lang='lat' dir='ltr'>paul-</span> 
     </span>
     <span class='ocr_line' id='line_1_13' title="bbox 23 1013 916 1079; baseline 0.001 -20"><span class='ocrx_word' id='word_1_145' title='bbox 23 1053 26 1059; x_wconf 96' lang='lat'>.</span> <span class='ocrx_word' id='word_1_146' title='bbox 67 1013 113 1060; x_wconf 78' lang='grc' dir='ltr'>Ιὸ</span> <span class='ocrx_word' id='word_1_147' title='bbox 127 1014 309 1079; x_wconf 78' lang='lat' dir='ltr'>amplius</span> <span class='ocrx_word' id='word_1_148' title='bbox 324 1017 459 1062; x_wconf 72' lang='lat' dir='ltr'>millia</span> <span class='ocrx_word' id='word_1_149' title='bbox 474 1015 664 1079; x_wconf 72' lang='lat' dir='ltr'>passuum</span> <span class='ocrx_word' id='word_1_150' title='bbox 678 1014 892 1062; x_wconf 85' lang='lat' dir='ltr'>obtinebit</span> <span class='ocrx_word' id='word_1_151' title='bbox 904 1047 916 1060; x_wconf 81' lang='grc'><strong>.</strong></span> 
     </span>
     <span class='ocr_line' id='line_1_14' title="bbox 22 1082 1885 1151; baseline 0.002 -21"><span class='ocrx_word' id='word_1_152' title='bbox 22 1082 29 1126; x_wconf 75' lang='grc' dir='ltr'><strong>ί</strong></span> <span class='ocrx_word' id='word_1_153' title='bbox 99 1100 101 1102; x_wconf 90' lang='grc'><em>·</em></span> <span class='ocrx_word' id='word_1_154' title='bbox 138 1084 304 1132; x_wconf 81' lang='lat' dir='ltr'>Albam</span> <span class='ocrx_word' id='word_1_155' title='bbox 326 1091 344 1146; x_wconf 86' lang='lat'>(</span> <span class='ocrx_word' id='word_1_156' title='bbox 360 1090 477 1131; x_wconf 77' lang='lat' dir='ltr'>euius</span> <span class='ocrx_word' id='word_1_157' title='bbox 490 1084 619 1131; x_wconf 88' lang='lat' dir='ltr'>solius</span> <span class='ocrx_word' id='word_1_158' title='bbox 635 1102 684 1131; x_wconf 83' lang='lat' dir='ltr'>ex</span> <span class='ocrx_word' id='word_1_159' title='bbox 701 1086 872 1133; x_wconf 85' lang='lat' dir='ltr'>vetustis</span> <span class='ocrx_word' id='word_1_160' title='bbox 885 1084 938 1131; x_wconf 87' lang='lat' dir='ltr'>ad</span> <span class='ocrx_word' id='word_1_161' title='bbox 952 1102 1050 1132; x_wconf 86' lang='lat' dir='ltr'>eum</span> <span class='ocrx_word' id='word_1_162' title='bbox 1062 1085 1169 1133; x_wconf 87' lang='lat' dir='ltr'>locis</span> <span class='ocrx_word' id='word_1_163' title='bbox 1182 1085 1353 1151; x_wconf 81' lang='lat' dir='ltr'>vestigia</span> <span class='ocrx_word' id='word_1_164' title='bbox 1369 1118 1383 1142; x_wconf 90' lang='lat'>‚</span> <span class='ocrx_word' id='word_1_165' title='bbox 1410 1094 1454 1134; x_wconf 86' lang='lat'>&amp;</span> <span class='ocrx_word' id='word_1_166' title='bbox 1477 1084 1655 1151; x_wconf 90' lang='lat' dir='ltr'>quidem</span> <span class='ocrx_word' id='word_1_167' title='bbox 1671 1085 1885 1134; x_wconf 81' lang='lat' dir='ltr'>luculenta</span> 
     </span>
     <span class='ocr_line' id='line_1_15' title="bbox 21 1149 1882 1222; baseline 0.003 -25"><span class='ocrx_word' id='word_1_168' title='bbox 21 1172 25 1196; x_wconf 86' lang='lat'><strong>:</strong></span> <span class='ocrx_word' id='word_1_169' title='bbox 64 1149 321 1218; x_wconf 89' lang='lat' dir='ltr'>supersunt)</span> <span class='ocrx_word' id='word_1_170' title='bbox 337 1154 464 1201; x_wconf 88' lang='lat' dir='ltr'>habet</span> <span class='ocrx_word' id='word_1_171' title='bbox 480 1153 531 1200; x_wconf 90' lang='lat' dir='ltr'>ad</span> <span class='ocrx_word' id='word_1_172' title='bbox 545 1159 737 1202; x_wconf 88' lang='lat' dir='ltr'>Caurum</span> <span class='ocrx_word' id='word_1_173' title='bbox 754 1157 947 1202; x_wconf 84' lang='lat' dir='ltr'>Ventum</span> <span class='ocrx_word' id='word_1_174' title='bbox 962 1185 977 1209; x_wconf 82' lang='lat'>‚</span> <span class='ocrx_word' id='word_1_175' title='bbox 996 1158 1057 1201; x_wconf 83' lang='lat' dir='ltr'><em>M</em></span> <span class='ocrx_word' id='word_1_176' title='bbox 1060 1158 1173 1222; x_wconf 81' lang='lat' dir='ltr'>aestro</span> <span class='ocrx_word' id='word_1_177' title='bbox 1186 1156 1350 1203; x_wconf 67' lang='lat' dir='ltr'>dictum</span> <span class='ocrx_word' id='word_1_178' title='bbox 1362 1186 1376 1210; x_wconf 83' lang='lat'>,</span> <span class='ocrx_word' id='word_1_179' title='bbox 1393 1155 1529 1204; x_wconf 88' lang='lat' dir='ltr'>tribus</span> <span class='ocrx_word' id='word_1_180' title='bbox 1543 1156 1738 1221; x_wconf 59' lang='lat' dir='ltr'>pass&#39;uum</span> <span class='ocrx_word' id='word_1_181' title='bbox 1753 1157 1882 1204; x_wconf 86' lang='lat' dir='ltr'>milli-</span> 
     </span>
     <span class='ocr_line' id='line_1_16' title="bbox 21 1222 1883 1291; baseline 0.001 -21"><span class='ocrx_word' id='word_1_182' title='bbox 21 1225 23 1228; x_wconf 66' lang='grc'><strong>’</strong></span> <span class='ocrx_word' id='word_1_183' title='bbox 65 1222 146 1271; x_wconf 89' lang='lat' dir='ltr'>bus</span> <span class='ocrx_word' id='word_1_184' title='bbox 155 1223 342 1272; x_wconf 78' lang='lat' dir='ltr'>diffitam</span> <span class='ocrx_word' id='word_1_185' title='bbox 356 1243 368 1280; x_wconf 81' lang='lat'>3</span> <span class='ocrx_word' id='word_1_186' title='bbox 388 1242 521 1289; x_wconf 87' lang='lat' dir='ltr'>quam</span> <span class='ocrx_word' id='word_1_187' title='bbox 533 1242 580 1271; x_wconf 88' lang='lat' dir='ltr'>ex</span> <span class='ocrx_word' id='word_1_188' title='bbox 594 1243 680 1290; x_wconf 76' lang='lat' dir='ltr'>agro</span> <span class='ocrx_word' id='word_1_189' title='bbox 691 1231 794 1271; x_wconf 82' lang='lat' dir='ltr'>omni</span> <span class='ocrx_word' id='word_1_190' title='bbox 805 1230 1091 1272; x_wconf 83' lang='lat' dir='ltr'>circumuicino</span> <span class='ocrx_word' id='word_1_191' title='bbox 1102 1225 1401 1274; x_wconf 75' lang='lat' dir='ltr'>candicantibus</span> <span class='ocrx_word' id='word_1_192' title='bbox 1408 1226 1520 1289; x_wconf 74' lang='lat' dir='ltr'>saxis</span> <span class='ocrx_word' id='word_1_193' title='bbox 1537 1227 1694 1291; x_wconf 80' lang='lat' dir='ltr'>repleto,</span> <span class='ocrx_word' id='word_1_194' title='bbox 1713 1225 1883 1273; x_wconf 71' lang='lat' dir='ltr'>Home-¹</span> 
     </span>
     <span class='ocr_line' id='line_1_17' title="bbox 20 1292 1882 1360; baseline 0.002 -22"><span class='ocrx_word' id='word_1_195' title='bbox 20 1324 23 1338; x_wconf 64' lang='lat'>2</span> <span class='ocrx_word' id='word_1_196' title='bbox 64 1295 164 1342; x_wconf 88' lang='lat' dir='ltr'>nius</span> <span class='ocrx_word' id='word_1_197' title='bbox 180 1295 240 1341; x_wconf 83' lang='lat' dir='ltr'>ita</span> <span class='ocrx_word' id='word_1_198' title='bbox 265 1296 519 1360; x_wconf 77' lang='lat' dir='ltr'>appellatam</span> <span class='ocrx_word' id='word_1_199' title='bbox 537 1294 678 1340; x_wconf 91' lang='lat' dir='ltr'>voluit</span> <span class='ocrx_word' id='word_1_200' title='bbox 691 1313 703 1342; x_wconf 72' lang='grc' dir='ltr'><strong>ε</strong></span> <span class='ocrx_word' id='word_1_201' title='bbox 718 1307 759 1341; x_wconf 84' lang='lat' dir='ltr'>at</span> <span class='ocrx_word' id='word_1_202' title='bbox 771 1310 850 1340; x_wconf 89' lang='lat' dir='ltr'>nos</span> <span class='ocrx_word' id='word_1_203' title='bbox 869 1292 1073 1340; x_wconf 73' lang='lat' dir='ltr'>libentius</span> <span class='ocrx_word' id='word_1_204' title='bbox 1084 1312 1183 1342; x_wconf 90' lang='lat' dir='ltr'>cum</span> <span class='ocrx_word' id='word_1_205' title='bbox 1201 1297 1408 1360; x_wconf 87' lang='lat' dir='ltr'>Appiano</span> <span class='ocrx_word' id='word_1_206' title='bbox 1423 1296 1468 1341; x_wconf 88' lang='lat' dir='ltr'>in</span> <span class='ocrx_word' id='word_1_207' title='bbox 1481 1294 1778 1343; x_wconf 84' lang='lat' dir='ltr'>Hannibalicis</span> <span class='ocrx_word' id='word_1_208' title='bbox 1795 1326 1810 1350; x_wconf 84' lang='lat'>‚</span> <span class='ocrx_word' id='word_1_209' title='bbox 1830 1313 1882 1342; x_wconf 85' lang='lat' dir='ltr'>ex</span> 
     </span>
     <span class='ocr_line' id='line_1_18' title="bbox 19 1362 1884 1429; baseline 0.002 -19"><span class='ocrx_word' id='word_1_210' title='bbox 19 1403 21 1410; x_wconf 93' lang='lat'><em>.</em></span> <span class='ocrx_word' id='word_1_211' title='bbox 63 1362 180 1411; x_wconf 68' lang='lat' dir='ltr'>Alba</span> <span class='ocrx_word' id='word_1_212' title='bbox 196 1367 503 1413; x_wconf 80' lang='lat' dir='ltr'>Romanorum</span> <span class='ocrx_word' id='word_1_213' title='bbox 514 1364 744 1428; x_wconf 83' lang='lat' dir='ltr'>metropoli</span> <span class='ocrx_word' id='word_1_214' title='bbox 759 1394 772 1417; x_wconf 88' lang='lat'>‚</span> <span class='ocrx_word' id='word_1_215' title='bbox 788 1380 949 1411; x_wconf 88' lang='lat' dir='ltr'>nomen</span> <span class='ocrx_word' id='word_1_216' title='bbox 961 1362 1087 1411; x_wconf 80' lang='lat' dir='ltr'>huius</span> <span class='ocrx_word' id='word_1_217' title='bbox 1101 1365 1146 1410; x_wconf 93' lang='lat' dir='ltr'>in</span> <span class='ocrx_word' id='word_1_218' title='bbox 1159 1366 1362 1429; x_wconf 82' lang='lat' dir='ltr'>AEquanis</span> <span class='ocrx_word' id='word_1_219' title='bbox 1377 1365 1636 1412; x_wconf 84' lang='lat' dir='ltr'>munitionis</span> <span class='ocrx_word' id='word_1_220' title='bbox 1649 1363 1884 1413; x_wconf 59' lang='lat' dir='ltr'>deductum</span> 
     </span>
     <span class='ocr_line' id='line_1_19' title="bbox 16 1431 1883 1501; baseline 0.001 -21"><span class='ocrx_word' id='word_1_221' title='bbox 16 1468 21 1499; x_wconf 32' lang='lat' dir='ltr'><em>i</em></span> <span class='ocrx_word' id='word_1_222' title='bbox 62 1448 293 1499; x_wconf 84' lang='lat' dir='ltr'>putamus:</span> <span class='ocrx_word' id='word_1_223' title='bbox 317 1431 546 1499; x_wconf 71' lang='lat' dir='ltr'>praesertim</span> <span class='ocrx_word' id='word_1_224' title='bbox 562 1435 664 1500; x_wconf 89' lang='lat' dir='ltr'>quia</span> <span class='ocrx_word' id='word_1_225' title='bbox 679 1431 766 1496; x_wconf 88' lang='lat' dir='ltr'>ipse</span> <span class='ocrx_word' id='word_1_226' title='bbox 782 1434 955 1496; x_wconf 89' lang='lat' dir='ltr'>rupium</span> <span class='ocrx_word' id='word_1_227' title='bbox 972 1434 1158 1498; x_wconf 71' lang='lat' dir='ltr'>aspeocus</span> <span class='ocrx_word' id='word_1_228' title='bbox 1173 1434 1382 1495; x_wconf 86' lang='lat' dir='ltr'>Holstenij</span> <span class='ocrx_word' id='word_1_229' title='bbox 1398 1450 1579 1501; x_wconf 91' lang='lat' dir='ltr'>etymon</span> <span class='ocrx_word' id='word_1_230' title='bbox 1595 1433 1833 1500; x_wconf 81' lang='lat' dir='ltr'>redarguit3</span> <span class='ocrx_word' id='word_1_231' title='bbox 1850 1433 1883 1482; x_wconf 80' lang='lat' dir='ltr'>fi</span> 
     </span>
     <span class='ocr_line' id='line_1_20' title="bbox 14 1500 1880 1569; baseline 0.002 -20"><span class='ocrx_word' id='word_1_232' title='bbox 14 1505 28 1558; x_wconf 64' lang='lat' dir='ltr'>i·</span> <span class='ocrx_word' id='word_1_233' title='bbox 62 1505 180 1551; x_wconf 91' lang='lat' dir='ltr'>enim</span> <span class='ocrx_word' id='word_1_234' title='bbox 212 1521 264 1550; x_wconf 85' lang='lat' dir='ltr'>ex</span> <span class='ocrx_word' id='word_1_235' title='bbox 291 1504 434 1550; x_wconf 88' lang='lat' dir='ltr'>colore</span> <span class='ocrx_word' id='word_1_236' title='bbox 456 1501 775 1551; x_wconf 86' lang='lat' dir='ltr'>denominanda</span> <span class='ocrx_word' id='word_1_237' title='bbox 802 1500 962 1556; x_wconf 69' lang='lat' dir='ltr'>fuiffet5</span> <span class='ocrx_word' id='word_1_238' title='bbox 993 1503 1189 1551; x_wconf 80' lang='lat' dir='ltr'>Rubram</span> <span class='ocrx_word' id='word_1_239' title='bbox 1204 1502 1384 1569; x_wconf 75' lang='lat' dir='ltr'>potius(</span> <span class='ocrx_word' id='word_1_240' title='bbox 1402 1519 1450 1552; x_wconf 90' lang='lat' dir='ltr'>vt</span> <span class='ocrx_word' id='word_1_241' title='bbox 1463 1505 1594 1551; x_wconf 89' lang='lat' dir='ltr'>Vicus</span> <span class='ocrx_word' id='word_1_242' title='bbox 1609 1505 1655 1551; x_wconf 88' lang='lat' dir='ltr'>in</span> <span class='ocrx_word' id='word_1_243' title='bbox 1669 1504 1880 1552; x_wconf 52' lang='lat' dir='ltr'>flamini&amp;</span> 
     </span>
     <span class='ocr_line' id='line_1_21' title="bbox 15 1570 1879 1641; baseline -0.001 -19"><span class='ocrx_word' id='word_1_244' title='bbox 15 1576 20 1587; x_wconf 80' lang='lat'>‘</span> <span class='ocrx_word' id='word_1_245' title='bbox 60 1574 146 1622; x_wconf 62' lang='lat' dir='ltr'>via</span> <span class='ocrx_word' id='word_1_246' title='bbox 167 1572 270 1620; x_wconf 91' lang='lat' dir='ltr'>Vrbi</span> <span class='ocrx_word' id='word_1_247' title='bbox 284 1575 508 1639; x_wconf 86' lang='lat' dir='ltr'>proximus</span> <span class='ocrx_word' id='word_1_248' title='bbox 523 1574 540 1635; x_wconf 76' lang='grc'>&gt;</span> <span class='ocrx_word' id='word_1_249' title='bbox 559 1591 610 1621; x_wconf 86' lang='lat' dir='ltr'>ex</span> <span class='ocrx_word' id='word_1_250' title='bbox 626 1574 800 1638; x_wconf 88' lang='lat' dir='ltr'>rupium</span> <span class='ocrx_word' id='word_1_251' title='bbox 813 1603 827 1627; x_wconf 77' lang='lat'>‚</span> <span class='ocrx_word' id='word_1_252' title='bbox 843 1570 1060 1641; x_wconf 72' lang='lat' dir='ltr'>totiusque</span> <span class='ocrx_word' id='word_1_253' title='bbox 1074 1576 1183 1622; x_wconf 83' lang='lat' dir='ltr'>circa</span> <span class='ocrx_word' id='word_1_254' title='bbox 1197 1573 1358 1623; x_wconf 82' lang='lat' dir='ltr'>Albam</span> <span class='ocrx_word' id='word_1_255' title='bbox 1374 1573 1451 1621; x_wconf 89' lang='lat' dir='ltr'>soli</span> <span class='ocrx_word' id='word_1_256' title='bbox 1467 1571 1675 1621; x_wconf 86' lang='lat' dir='ltr'>rubedine</span> <span class='ocrx_word' id='word_1_257' title='bbox 1687 1605 1702 1629; x_wconf 81' lang='lat'>‚</span> <span class='ocrx_word' id='word_1_258' title='bbox 1732 1575 1879 1641; x_wconf 81' lang='lat' dir='ltr'>vocari</span> 
     </span>
     <span class='ocr_line' id='line_1_22' title="bbox 23 1657 835 1709; baseline 0.002 -20"><span class='ocrx_word' id='word_1_259' title='bbox 23 1680 25 1682; x_wconf 88' lang='lat'>.</span> <span class='ocrx_word' id='word_1_260' title='bbox 61 1660 138 1709; x_wconf 87' lang='lat' dir='ltr'>par</span> <span class='ocrx_word' id='word_1_261' title='bbox 162 1657 268 1696; x_wconf 72' lang='lat' dir='ltr'>erat,</span> <span class='ocrx_word' id='word_1_262' title='bbox 832 1678 835 1683; x_wconf 83' lang='lat'>·</span> 
     </span>
    </p>

    <p class='ocr_par' dir='ltr' id='par_1_3' title="bbox 10 1712 1883 2059">
     <span class='ocr_line' id='line_1_23' title="bbox 130 1712 1883 1781; baseline -0.002 -19"><span class='ocrx_word' id='word_1_263' title='bbox 130 1714 370 1762; x_wconf 84' lang='lat' dir='ltr'>Plurimam</span> <span class='ocrx_word' id='word_1_264' title='bbox 387 1732 436 1761; x_wconf 83' lang='lat' dir='ltr'>ex</span> <span class='ocrx_word' id='word_1_265' title='bbox 449 1713 672 1762; x_wconf 87' lang='lat' dir='ltr'>montibus</span> <span class='ocrx_word' id='word_1_266' title='bbox 686 1712 969 1762; x_wconf 85' lang='lat' dir='ltr'>adiacentibus</span> <span class='ocrx_word' id='word_1_267' title='bbox 984 1730 1192 1779; x_wconf 84' lang='lat' dir='ltr'>aquarum</span> <span class='ocrx_word' id='word_1_268' title='bbox 1209 1716 1379 1781; x_wconf 73' lang='lat' dir='ltr'>cupiam</span> <span class='ocrx_word' id='word_1_269' title='bbox 1395 1716 1570 1779; x_wconf 79' lang='lat' dir='ltr'>recipit3</span> <span class='ocrx_word' id='word_1_270' title='bbox 1600 1713 1671 1762; x_wconf 90' lang='lat' dir='ltr'>sed</span> <span class='ocrx_word' id='word_1_271' title='bbox 1683 1713 1883 1761; x_wconf 63' lang='lat' dir='ltr'>torrenti;</span> 
     </span>
     <span class='ocr_line' id='line_1_24' title="bbox 22 1778 1879 1849; baseline -0.001 -20"><span class='ocrx_word' id='word_1_272' title='bbox 22 1778 23 1785; x_wconf 38' lang='lat'>¹</span> <span class='ocrx_word' id='word_1_273' title='bbox 60 1780 139 1830; x_wconf 86' lang='lat' dir='ltr'>bus</span> <span class='ocrx_word' id='word_1_274' title='bbox 162 1783 306 1849; x_wconf 75' lang='lat' dir='ltr'>potius</span> <span class='ocrx_word' id='word_1_275' title='bbox 334 1784 468 1849; x_wconf 61' lang='lat' dir='ltr'>quam</span> <span class='ocrx_word' id='word_1_276' title='bbox 500 1785 611 1833; x_wconf 87' lang='lat' dir='ltr'>viuis</span> <span class='ocrx_word' id='word_1_277' title='bbox 633 1783 882 1832; x_wconf 88' lang='lat' dir='ltr'>fluminibus</span> <span class='ocrx_word' id='word_1_278' title='bbox 904 1785 1049 1849; x_wconf 85' lang='lat' dir='ltr'>augeri</span> <span class='ocrx_word' id='word_1_279' title='bbox 1072 1786 1352 1849; x_wconf 76' lang='lat' dir='ltr'>conspicuum</span> <span class='ocrx_word' id='word_1_280' title='bbox 1374 1784 1430 1833; x_wconf 92' lang='lat' dir='ltr'>est</span> <span class='ocrx_word' id='word_1_281' title='bbox 1457 1802 1468 1830; x_wconf 94' lang='lat'>:</span> <span class='ocrx_word' id='word_1_282' title='bbox 1498 1802 1599 1831; x_wconf 84' lang='lat' dir='ltr'>nam</span> <span class='ocrx_word' id='word_1_283' title='bbox 1616 1783 1788 1833; x_wconf 90' lang='lat' dir='ltr'>modico</span> <span class='ocrx_word' id='word_1_284' title='bbox 1801 1784 1879 1829; x_wconf 88' lang='lat' dir='ltr'>illo</span> 
     </span>
     <span class='ocr_line' id='line_1_25' title="bbox 12 1853 1880 1919; baseline 0.001 -21"><span class='ocrx_word' id='word_1_285' title='bbox 12 1893 15 1898; x_wconf 89' lang='lat'>.</span> <span class='ocrx_word' id='word_1_286' title='bbox 58 1854 239 1901; x_wconf 86' lang='lat' dir='ltr'>fluuiolo</span> <span class='ocrx_word' id='word_1_287' title='bbox 255 1853 307 1900; x_wconf 86' lang='lat' dir='ltr'>ad</span> <span class='ocrx_word' id='word_1_288' title='bbox 322 1855 553 1902; x_wconf 85' lang='lat' dir='ltr'>Orientem</span> <span class='ocrx_word' id='word_1_289' title='bbox 565 1854 925 1902; x_wconf 87' lang='lat' dir='ltr'>Soleminfluente</span> <span class='ocrx_word' id='word_1_290' title='bbox 941 1869 1120 1919; x_wconf 88' lang='lat' dir='ltr'>excepto</span> <span class='ocrx_word' id='word_1_291' title='bbox 1134 1885 1149 1909; x_wconf 81' lang='lat'>,</span> <span class='ocrx_word' id='word_1_292' title='bbox 1163 1872 1296 1919; x_wconf 91' lang='lat' dir='ltr'>quem</span> <span class='ocrx_word' id='word_1_293' title='bbox 1311 1855 1378 1915; x_wconf 87' lang='lat' dir='ltr'>alij</span> <span class='ocrx_word' id='word_1_294' title='bbox 1396 1857 1620 1901; x_wconf 55' lang='lat' dir='ltr'>quenum</span> <span class='ocrx_word' id='word_1_295' title='bbox 1642 1889 1655 1914; x_wconf 92' lang='lat'>‚</span> <span class='ocrx_word' id='word_1_296' title='bbox 1668 1873 1717 1901; x_wconf 87' lang='lat' dir='ltr'>ex</span> <span class='ocrx_word' id='word_1_297' title='bbox 1735 1854 1880 1900; x_wconf 83' lang='lat' dir='ltr'>Plinio</span> 
     </span>
     <span class='ocr_line' id='line_1_26' title="bbox 10 1916 1879 1989; baseline 0 -18"><span class='ocrx_word' id='word_1_298' title='bbox 10 1916 22 1962; x_wconf 69' lang='lat' dir='ltr'>l</span> <span class='ocrx_word' id='word_1_299' title='bbox 60 1937 107 1972; x_wconf 89' lang='lat' dir='ltr'>vt</span> <span class='ocrx_word' id='word_1_300' title='bbox 123 1938 279 1987; x_wconf 84' lang='lat' dir='ltr'>putant</span> <span class='ocrx_word' id='word_1_301' title='bbox 294 1955 308 1978; x_wconf 81' lang='lat'>,</span> <span class='ocrx_word' id='word_1_302' title='bbox 323 1925 390 1985; x_wconf 85' lang='lat' dir='ltr'>alij</span> <span class='ocrx_word' id='word_1_303' title='bbox 410 1926 636 1972; x_wconf 88' lang='lat' dir='ltr'>Pitonium</span> <span class='ocrx_word' id='word_1_304' title='bbox 654 1927 911 1980; x_wconf 79' lang='lat' dir='ltr'>nominant3</span> <span class='ocrx_word' id='word_1_305' title='bbox 940 1926 1077 1971; x_wconf 76' lang='lat' dir='ltr'>caeteri</span> <span class='ocrx_word' id='word_1_306' title='bbox 1092 1924 1324 1972; x_wconf 84' lang='lat' dir='ltr'>caelestibus</span> <span class='ocrx_word' id='word_1_307' title='bbox 1340 1923 1509 1971; x_wconf 77' lang='lat' dir='ltr'>tantum</span> <span class='ocrx_word' id='word_1_308' title='bbox 1525 1927 1647 1989; x_wconf 87' lang='lat' dir='ltr'>aquis</span> <span class='ocrx_word' id='word_1_309' title='bbox 1661 1938 1879 1971; x_wconf 79' lang='lat' dir='ltr'>arentem..</span> 
     </span>
     <span class='ocr_line' id='line_1_27' title="bbox 10 1991 1878 2059; baseline -0.001 -21"><span class='ocrx_word' id='word_1_310' title='bbox 10 2014 21 2033; x_wconf 68' lang='lat' dir='ltr'>s</span> <span class='ocrx_word' id='word_1_311' title='bbox 59 1992 225 2058; x_wconf 83' lang='lat' dir='ltr'>alioqui</span> <span class='ocrx_word' id='word_1_312' title='bbox 253 1994 427 2041; x_wconf 88' lang='lat' dir='ltr'>alueum</span> <span class='ocrx_word' id='word_1_313' title='bbox 451 1993 735 2041; x_wconf 83' lang='lat' dir='ltr'>commodant</span> <span class='ocrx_word' id='word_1_314' title='bbox 751 2029 762 2040; x_wconf 91' lang='lat'><strong>.</strong></span> <span class='ocrx_word' id='word_1_315' title='bbox 797 1994 910 2041; x_wconf 92' lang='lat' dir='ltr'>Illud</span> <span class='ocrx_word' id='word_1_316' title='bbox 924 1995 1083 2042; x_wconf 90' lang='lat' dir='ltr'>mirum</span> <span class='ocrx_word' id='word_1_317' title='bbox 1099 2024 1113 2048; x_wconf 83' lang='lat'>‚</span> <span class='ocrx_word' id='word_1_318' title='bbox 1141 1995 1310 2042; x_wconf 89' lang='lat' dir='ltr'>nullum</span> <span class='ocrx_word' id='word_1_319' title='bbox 1325 1993 1435 2040; x_wconf 82' lang='lat' dir='ltr'>hisce</span> <span class='ocrx_word' id='word_1_320' title='bbox 1451 1997 1570 2059; x_wconf 86' lang='lat' dir='ltr'>aquis</span> <span class='ocrx_word' id='word_1_321' title='bbox 1586 2008 1726 2059; x_wconf 84' lang='lat' dir='ltr'>patere</span> <span class='ocrx_word' id='word_1_322' title='bbox 1743 1991 1878 2056; x_wconf 84' lang='lat' dir='ltr'>egres-</span> 
     </span>
    </p>

    <p class='ocr_par' dir='ltr' id='par_1_4' title="bbox 4 2062 1885 3240">
     <span class='ocr_line' id='line_1_28' title="bbox 57 2062 1876 2128; baseline 0.001 -20"><span class='ocrx_word' id='word_1_323' title='bbox 57 2062 169 2117; x_wconf 60' lang='lat' dir='ltr'>sum„</span> <span class='ocrx_word' id='word_1_324' title='bbox 185 2062 254 2109; x_wconf 92' lang='lat' dir='ltr'>sed</span> <span class='ocrx_word' id='word_1_325' title='bbox 271 2080 336 2109; x_wconf 88' lang='lat' dir='ltr'>eas</span> <span class='ocrx_word' id='word_1_326' title='bbox 352 2064 522 2110; x_wconf 84' lang='lat' dir='ltr'>occulto</span> <span class='ocrx_word' id='word_1_327' title='bbox 539 2078 695 2112; x_wconf 85' lang='lat' dir='ltr'>naturae</span> <span class='ocrx_word' id='word_1_328' title='bbox 711 2080 838 2128; x_wconf 90' lang='lat' dir='ltr'>opere</span> <span class='ocrx_word' id='word_1_329' title='bbox 853 2062 1110 2118; x_wconf 78' lang='lat' dir='ltr'>transmitti3</span> <span class='ocrx_word' id='word_1_330' title='bbox 1128 2066 1251 2112; x_wconf 82' lang='lat' dir='ltr'>vario</span> <span class='ocrx_word' id='word_1_331' title='bbox 1265 2078 1411 2112; x_wconf 82' lang='lat' dir='ltr'>tamen</span> <span class='ocrx_word' id='word_1_332' title='bbox 1429 2081 1505 2110; x_wconf 89' lang='lat' dir='ltr'>nec</span> <span class='ocrx_word' id='word_1_333' title='bbox 1521 2063 1729 2111; x_wconf 83' lang='lat' dir='ltr'>constanti</span> <span class='ocrx_word' id='word_1_334' title='bbox 1745 2062 1876 2109; x_wconf 83' lang='lat' dir='ltr'>exitu:</span> 
     </span>
     <span class='ocr_line' id='line_1_29' title="bbox 57 2129 1878 2198; baseline 0 -20"><span class='ocrx_word' id='word_1_335' title='bbox 57 2132 149 2197; x_wconf 80' lang='lat' dir='ltr'>quo</span> <span class='ocrx_word' id='word_1_336' title='bbox 166 2133 331 2196; x_wconf 89' lang='lat' dir='ltr'>semper</span> <span class='ocrx_word' id='word_1_337' title='bbox 346 2133 504 2180; x_wconf 49' lang='lat' dir='ltr'>facium</span> <span class='ocrx_word' id='word_1_338' title='bbox 521 2133 578 2180; x_wconf 89' lang='lat' dir='ltr'>est</span> <span class='ocrx_word' id='word_1_339' title='bbox 592 2165 606 2188; x_wconf 80' lang='lat'>,</span> <span class='ocrx_word' id='word_1_340' title='bbox 620 2148 667 2181; x_wconf 90' lang='lat' dir='ltr'>vt</span> <span class='ocrx_word' id='word_1_341' title='bbox 680 2138 814 2181; x_wconf 81' lang='lat' dir='ltr'>Lacus</span> <span class='ocrx_word' id='word_1_342' title='bbox 830 2134 1045 2198; x_wconf 75' lang='lat' dir='ltr'>aliquibus</span> <span class='ocrx_word' id='word_1_343' title='bbox 1059 2137 1180 2180; x_wconf 87' lang='lat' dir='ltr'>annis</span> <span class='ocrx_word' id='word_1_344' title='bbox 1193 2133 1370 2198; x_wconf 65' lang='lat' dir='ltr'>ass&#39;urgat</span> <span class='ocrx_word' id='word_1_345' title='bbox 1383 2165 1395 2187; x_wconf 88' lang='lat'>‚</span> <span class='ocrx_word' id='word_1_346' title='bbox 1415 2133 1616 2198; x_wconf 85' lang='lat' dir='ltr'>(septenis</span> <span class='ocrx_word' id='word_1_347' title='bbox 1635 2129 1878 2198; x_wconf 86' lang='lat' dir='ltr'>quibusque</span> 
     </span>
     <span class='ocr_line' id='line_1_30' title="bbox 11 2199 1819 2268; baseline 0 -20"><span class='ocrx_word' id='word_1_348' title='bbox 11 2224 19 2261; x_wconf 58' lang='lat' dir='ltr'>j</span> <span class='ocrx_word' id='word_1_349' title='bbox 57 2202 100 2248; x_wconf 90' lang='lat' dir='ltr'>id</span> <span class='ocrx_word' id='word_1_350' title='bbox 114 2201 202 2249; x_wconf 90' lang='lat' dir='ltr'>fieri</span> <span class='ocrx_word' id='word_1_351' title='bbox 219 2202 424 2264; x_wconf 85' lang='lat' dir='ltr'>tradunt)</span> <span class='ocrx_word' id='word_1_352' title='bbox 444 2202 664 2267; x_wconf 74' lang='lat' dir='ltr'>rursusque</span> <span class='ocrx_word' id='word_1_353' title='bbox 679 2202 938 2268; x_wconf 81' lang='lat' dir='ltr'>deprimatur</span> <span class='ocrx_word' id='word_1_354' title='bbox 951 2234 964 2256; x_wconf 84' lang='lat'>‚</span> <span class='ocrx_word' id='word_1_355' title='bbox 981 2217 1029 2250; x_wconf 91' lang='lat' dir='ltr'>vt</span> <span class='ocrx_word' id='word_1_356' title='bbox 1046 2204 1195 2249; x_wconf 81' lang='lat' dir='ltr'>Strabo</span> <span class='ocrx_word' id='word_1_357' title='bbox 1211 2206 1266 2249; x_wconf 90' lang='lat' dir='ltr'>ait</span> <span class='ocrx_word' id='word_1_358' title='bbox 1283 2204 1355 2253; x_wconf 84' lang='lat' dir='ltr'>lib.</span> <span class='ocrx_word' id='word_1_359' title='bbox 1377 2208 1432 2252; x_wconf 89' lang='lat' dir='ltr'>V.</span> <span class='ocrx_word' id='word_1_360' title='bbox 1452 2204 1699 2267; x_wconf 80' lang='lat' dir='ltr'>Geograph.</span> <span class='ocrx_word' id='word_1_361' title='bbox 1816 2199 1819 2201; x_wconf 16' lang='grc' dir='ltr'><strong>Δ</strong></span> 
     </span>
     <span class='ocr_line' id='line_1_31' title="bbox 10 2271 1883 2338; baseline -0.002 -16"><span class='ocrx_word' id='word_1_362' title='bbox 10 2327 12 2331; x_wconf 53' lang='grc'><strong>,</strong></span> <span class='ocrx_word' id='word_1_363' title='bbox 125 2273 296 2322; x_wconf 83' lang='lat' dir='ltr'>Marsos</span> <span class='ocrx_word' id='word_1_364' title='bbox 311 2275 441 2338; x_wconf 82' lang='lat' dir='ltr'>igitur</span> <span class='ocrx_word' id='word_1_365' title='bbox 458 2274 633 2328; x_wconf 81' lang='lat' dir='ltr'>accolas,</span> <span class='ocrx_word' id='word_1_366' title='bbox 651 2273 810 2337; x_wconf 70' lang='lat' dir='ltr'>quibus</span> <span class='ocrx_word' id='word_1_367' title='bbox 825 2275 869 2319; x_wconf 89' lang='lat' dir='ltr'>in</span> <span class='ocrx_word' id='word_1_368' title='bbox 890 2275 1054 2321; x_wconf 87' lang='lat' dir='ltr'>incerto</span> <span class='ocrx_word' id='word_1_369' title='bbox 1068 2271 1243 2320; x_wconf 87' lang='lat' dir='ltr'>suorum</span> <span class='ocrx_word' id='word_1_370' title='bbox 1257 2290 1459 2338; x_wconf 79' lang='lat' dir='ltr'>agrorum</span> <span class='ocrx_word' id='word_1_371' title='bbox 1472 2273 1669 2337; x_wconf 78' lang='lat' dir='ltr'>polleffio</span> <span class='ocrx_word' id='word_1_372' title='bbox 1688 2271 1883 2320; x_wconf 79' lang='lat' dir='ltr'>versaba-</span> 
     </span>
     <span class='ocr_line' id='line_1_32' title="bbox 6 2334 1877 2408; baseline -0.001 -19"><span class='ocrx_word' id='word_1_373' title='bbox 6 2334 16 2381; x_wconf 71' lang='lat' dir='ltr'>l</span> <span class='ocrx_word' id='word_1_374' title='bbox 56 2341 302 2396; x_wconf 73' lang='lat' dir='ltr'>tur‚affidue</span> <span class='ocrx_word' id='word_1_375' title='bbox 318 2343 562 2408; x_wconf 81' lang='lat' dir='ltr'>deprecatos</span> <span class='ocrx_word' id='word_1_376' title='bbox 576 2341 823 2406; x_wconf 86' lang='lat' dir='ltr'>Augustum</span> <span class='ocrx_word' id='word_1_377' title='bbox 841 2343 948 2389; x_wconf 81' lang='lat' dir='ltr'>Diui</span> <span class='ocrx_word' id='word_1_378' title='bbox 964 2344 1257 2390; x_wconf 86' lang='lat' dir='ltr'>F.inuenimus</span> <span class='ocrx_word' id='word_1_379' title='bbox 1268 2342 1378 2407; x_wconf 83' lang='lat' dir='ltr'>apud</span> <span class='ocrx_word' id='word_1_380' title='bbox 1392 2345 1649 2390; x_wconf 85' lang='lat' dir='ltr'>Suetonium</span> <span class='ocrx_word' id='word_1_381' title='bbox 1663 2343 1710 2389; x_wconf 82' lang='lat' dir='ltr'>in</span> <span class='ocrx_word' id='word_1_382' title='bbox 1723 2342 1877 2390; x_wconf 82' lang='lat' dir='ltr'>Claud.</span> 
     </span>
     <span class='ocr_line' id='line_1_33' title="bbox 57 2410 1876 2477; baseline 0.001 -20"><span class='ocrx_word' id='word_1_383' title='bbox 57 2429 148 2476; x_wconf 81' lang='lat' dir='ltr'>cap.</span> <span class='ocrx_word' id='word_1_384' title='bbox 172 2429 248 2459; x_wconf 86' lang='lat'>20.</span> <span class='ocrx_word' id='word_1_385' title='bbox 266 2426 312 2458; x_wconf 76' lang='lat' dir='ltr'>vt</span> <span class='ocrx_word' id='word_1_386' title='bbox 334 2415 468 2459; x_wconf 81' lang='lat' dir='ltr'>Lacus</span> <span class='ocrx_word' id='word_1_387' title='bbox 483 2412 786 2461; x_wconf 80' lang='lat' dir='ltr'>exundantiam</span> <span class='ocrx_word' id='word_1_388' title='bbox 802 2411 1022 2459; x_wconf 79' lang='lat' dir='ltr'>Emiffario</span> <span class='ocrx_word' id='word_1_389' title='bbox 1038 2413 1184 2476; x_wconf 84' lang='lat' dir='ltr'>aliquo</span> <span class='ocrx_word' id='word_1_390' title='bbox 1197 2421 1426 2467; x_wconf 56' lang='lat' dir='ltr'>cogrceret3</span> <span class='ocrx_word' id='word_1_391' title='bbox 1441 2410 1815 2477; x_wconf 82' lang='lat' dir='ltr'>quemadmodum</span> <span class='ocrx_word' id='word_1_392' title='bbox 1829 2413 1876 2459; x_wconf 88' lang='lat' dir='ltr'>in</span> 
     </span>
     <span class='ocr_line' id='line_1_34' title="bbox 59 2480 1880 2546; baseline 0.001 -19"><span class='ocrx_word' id='word_1_393' title='bbox 59 2481 252 2528; x_wconf 75' lang='lat' dir='ltr'>Lacubus</span> <span class='ocrx_word' id='word_1_394' title='bbox 269 2481 555 2529; x_wconf 86' lang='lat' dir='ltr'>Tranfimeno</span> <span class='ocrx_word' id='word_1_395' title='bbox 567 2513 581 2536; x_wconf 78' lang='lat'>,</span> <span class='ocrx_word' id='word_1_396' title='bbox 596 2480 771 2529; x_wconf 87' lang='lat' dir='ltr'>Albano</span> <span class='ocrx_word' id='word_1_397' title='bbox 783 2513 796 2536; x_wconf 77' lang='lat'>,</span> <span class='ocrx_word' id='word_1_398' title='bbox 815 2490 858 2529; x_wconf 76' lang='lat' dir='ltr'>Sc</span> <span class='ocrx_word' id='word_1_399' title='bbox 873 2482 1129 2530; x_wconf 80' lang='lat' dir='ltr'>Nemorensi</span> <span class='ocrx_word' id='word_1_400' title='bbox 1142 2515 1155 2536; x_wconf 86' lang='lat'>,</span> <span class='ocrx_word' id='word_1_401' title='bbox 1171 2483 1193 2528; x_wconf 79' lang='grc' dir='ltr'>ὲ</span> <span class='ocrx_word' id='word_1_402' title='bbox 1210 2482 1367 2546; x_wconf 86' lang='lat' dir='ltr'>quibus</span> <span class='ocrx_word' id='word_1_403' title='bbox 1379 2482 1495 2529; x_wconf 83' lang='lat' dir='ltr'>nulla</span> <span class='ocrx_word' id='word_1_404' title='bbox 1509 2497 1666 2529; x_wconf 84' lang='lat' dir='ltr'>exeunt</span> <span class='ocrx_word' id='word_1_405' title='bbox 1682 2482 1880 2537; x_wconf 74' lang='lat' dir='ltr'>flumina,</span> 
     </span>
     <span class='ocr_line' id='line_1_35' title="bbox 58 2549 1878 2617; baseline 0.002 -20"><span class='ocrx_word' id='word_1_406' title='bbox 58 2550 306 2600; x_wconf 63' lang='lat' dir='ltr'>manufaom</span> <span class='ocrx_word' id='word_1_407' title='bbox 320 2582 334 2606; x_wconf 75' lang='lat'>,</span> <span class='ocrx_word' id='word_1_408' title='bbox 362 2550 720 2616; x_wconf 77' lang='lat' dir='ltr'>subterraneoque</span> <span class='ocrx_word' id='word_1_409' title='bbox 737 2568 862 2617; x_wconf 88' lang='lat' dir='ltr'>opere</span> <span class='ocrx_word' id='word_1_410' title='bbox 894 2551 1182 2599; x_wconf 63' lang='lat' dir='ltr'>construstum</span> <span class='ocrx_word' id='word_1_411' title='bbox 1199 2553 1413 2600; x_wconf 84' lang='lat' dir='ltr'>cernimus</span> <span class='ocrx_word' id='word_1_412' title='bbox 1427 2583 1440 2598; x_wconf 91' lang='grc'><strong>.</strong></span> <span class='ocrx_word' id='word_1_413' title='bbox 1479 2552 1653 2598; x_wconf 89' lang='lat' dir='ltr'>Annuit</span> <span class='ocrx_word' id='word_1_414' title='bbox 1674 2549 1878 2601; x_wconf 63' lang='lat' dir='ltr'>tandem</span> 
     </span>
     <span class='ocr_line' id='line_1_36' title="bbox 57 2620 1875 2687; baseline 0.001 -20"><span class='ocrx_word' id='word_1_415' title='bbox 57 2620 253 2685; x_wconf 71' lang='lat' dir='ltr'>precibus</span> <span class='ocrx_word' id='word_1_416' title='bbox 274 2620 516 2669; x_wconf 81' lang='lat' dir='ltr'>Marsorum</span> <span class='ocrx_word' id='word_1_417' title='bbox 532 2622 738 2670; x_wconf 82' lang='lat' dir='ltr'>Claudius</span> <span class='ocrx_word' id='word_1_418' title='bbox 763 2652 777 2676; x_wconf 66' lang='lat'>7</span> <span class='ocrx_word' id='word_1_419' title='bbox 800 2621 1027 2686; x_wconf 84' lang='lat' dir='ltr'>postquam</span> <span class='ocrx_word' id='word_1_420' title='bbox 1046 2620 1185 2668; x_wconf 87' lang='lat' dir='ltr'>surdas</span> <span class='ocrx_word' id='word_1_421' title='bbox 1200 2638 1316 2668; x_wconf 88' lang='lat' dir='ltr'>aures</span> <span class='ocrx_word' id='word_1_422' title='bbox 1326 2621 1507 2687; x_wconf 81' lang='lat' dir='ltr'>praebuit</span> <span class='ocrx_word' id='word_1_423' title='bbox 1523 2621 1741 2686; x_wconf 85' lang='lat' dir='ltr'>Augustus</span> <span class='ocrx_word' id='word_1_424' title='bbox 1754 2650 1768 2674; x_wconf 80' lang='lat'>,</span> <span class='ocrx_word' id='word_1_425' title='bbox 1796 2637 1875 2669; x_wconf 88' lang='lat' dir='ltr'>nec</span> 
     </span>
     <span class='ocr_line' id='line_1_37' title="bbox 57 2689 1876 2756; baseline 0.001 -19"><span class='ocrx_word' id='word_1_426' title='bbox 57 2707 154 2754; x_wconf 81' lang='lat' dir='ltr'>quae</span> <span class='ocrx_word' id='word_1_427' title='bbox 166 2693 299 2738; x_wconf 89' lang='lat' dir='ltr'>Iulius</span> <span class='ocrx_word' id='word_1_428' title='bbox 313 2691 590 2740; x_wconf 81' lang='lat' dir='ltr'>destinauerat</span> <span class='ocrx_word' id='word_1_429' title='bbox 608 2697 683 2753; x_wconf 85' lang='lat' dir='ltr'>(vt</span> <span class='ocrx_word' id='word_1_430' title='bbox 698 2694 753 2737; x_wconf 80' lang='lat' dir='ltr'>ait</span> <span class='ocrx_word' id='word_1_431' title='bbox 780 2693 1009 2738; x_wconf 81' lang='lat' dir='ltr'>Suetonius</span> <span class='ocrx_word' id='word_1_432' title='bbox 1034 2694 1079 2738; x_wconf 90' lang='lat' dir='ltr'>in</span> <span class='ocrx_word' id='word_1_433' title='bbox 1094 2692 1182 2737; x_wconf 87' lang='lat' dir='ltr'>eius</span> <span class='ocrx_word' id='word_1_434' title='bbox 1196 2690 1299 2739; x_wconf 62' lang='lat' dir='ltr'>Vita</span> <span class='ocrx_word' id='word_1_435' title='bbox 1323 2707 1414 2756; x_wconf 86' lang='lat' dir='ltr'>cap.</span> <span class='ocrx_word' id='word_1_436' title='bbox 1430 2694 1540 2756; x_wconf 88' lang='lat'><strong>44.)</strong></span> <span class='ocrx_word' id='word_1_437' title='bbox 1559 2691 1712 2755; x_wconf 89' lang='lat' dir='ltr'>exequi</span> <span class='ocrx_word' id='word_1_438' title='bbox 1737 2690 1783 2736; x_wconf 90' lang='lat' dir='ltr'>in</span> <span class='ocrx_word' id='word_1_439' title='bbox 1795 2689 1876 2738; x_wconf 59' lang='lat' dir='ltr'>hic</span> 
     </span>
     <span class='ocr_line' id='line_1_38' title="bbox 4 2759 1885 2826; baseline 0.001 -21"><span class='ocrx_word' id='word_1_440' title='bbox 4 2763 28 2805; x_wconf 74' lang='lat' dir='ltr'>l·</span> <span class='ocrx_word' id='word_1_441' title='bbox 57 2774 174 2825; x_wconf 82' lang='lat' dir='ltr'>parte</span> <span class='ocrx_word' id='word_1_442' title='bbox 190 2763 353 2807; x_wconf 78' lang='lat' dir='ltr'>curauit</span> <span class='ocrx_word' id='word_1_443' title='bbox 368 2795 379 2805; x_wconf 88' lang='lat'><em>.</em></span> <span class='ocrx_word' id='word_1_444' title='bbox 408 2763 581 2808; x_wconf 85' lang='lat' dir='ltr'>Annuit</span> <span class='ocrx_word' id='word_1_445' title='bbox 596 2792 609 2816; x_wconf 77' lang='lat'>,</span> <span class='ocrx_word' id='word_1_446' title='bbox 621 2763 801 2825; x_wconf 86' lang='lat' dir='ltr'>inquam</span> <span class='ocrx_word' id='word_1_447' title='bbox 815 2760 1022 2809; x_wconf 84' lang='lat' dir='ltr'>Claudius</span> <span class='ocrx_word' id='word_1_448' title='bbox 1038 2792 1052 2816; x_wconf 78' lang='lat'>,</span> <span class='ocrx_word' id='word_1_449' title='bbox 1066 2780 1138 2807; x_wconf 84' lang='lat' dir='ltr'>non</span> <span class='ocrx_word' id='word_1_450' title='bbox 1154 2759 1288 2808; x_wconf 68' lang='lat' dir='ltr'>mimis</span> <span class='ocrx_word' id='word_1_451' title='bbox 1301 2759 1589 2826; x_wconf 70' lang='lat' dir='ltr'>compendijspe</span> <span class='ocrx_word' id='word_1_452' title='bbox 1604 2762 1885 2825; x_wconf 59' lang='lat' dir='ltr'>qubmgloriae5</span> 
     </span>
     <span class='ocr_line' id='line_1_39' title="bbox 56 2828 1875 2897; baseline 0 -20"><span class='ocrx_word' id='word_1_453' title='bbox 56 2832 172 2877; x_wconf 69' lang='lat' dir='ltr'>iuxta</span> <span class='ocrx_word' id='word_1_454' title='bbox 189 2833 448 2878; x_wconf 81' lang='lat' dir='ltr'>Suetonium</span> <span class='ocrx_word' id='word_1_455' title='bbox 464 2861 477 2886; x_wconf 87' lang='lat'>‚</span> <span class='ocrx_word' id='word_1_456' title='bbox 500 2828 586 2879; x_wconf 70' lang='lat' dir='ltr'>crim</span> <span class='ocrx_word' id='word_1_457' title='bbox 601 2830 767 2897; x_wconf 77' lang='lat' dir='ltr'>quidam</span> <span class='ocrx_word' id='word_1_458' title='bbox 779 2839 936 2894; x_wconf 81' lang='lat' dir='ltr'>priuato</span> <span class='ocrx_word' id='word_1_459' title='bbox 940 2830 1110 2895; x_wconf 69' lang='lat' dir='ltr'>fiamptu</span> <span class='ocrx_word' id='word_1_460' title='bbox 1124 2831 1319 2894; x_wconf 72' lang='lat' dir='ltr'>emiffitros</span> <span class='ocrx_word' id='word_1_461' title='bbox 1331 2829 1378 2895; x_wconf 70' lang='lat' dir='ltr'>fl*</span> <span class='ocrx_word' id='word_1_462' title='bbox 1393 2836 1702 2895; x_wconf 75' lang='lat' dir='ltr'>repromitterem</span> <span class='ocrx_word' id='word_1_463' title='bbox 1717 2858 1731 2884; x_wconf 64' lang='lat'>2</span> <span class='ocrx_word' id='word_1_464' title='bbox 1747 2828 1875 2895; x_wconf 74' lang='lat' dir='ltr'>fifibi</span> 
     </span>
     <span class='ocr_line' id='line_1_40' title="bbox 46 2896 1537 2967; baseline -0.002 -20"><span class='ocrx_word' id='word_1_465' title='bbox 46 2899 181 2965; x_wconf 76' lang='lat' dir='ltr'>ficcati</span> <span class='ocrx_word' id='word_1_466' title='bbox 194 2908 276 2967; x_wconf 74' lang='lat' dir='ltr'>agri</span> <span class='ocrx_word' id='word_1_467' title='bbox 289 2898 588 2948; x_wconf 84' lang='lat' dir='ltr'>concederentur</span> <span class='ocrx_word' id='word_1_468' title='bbox 601 2932 613 2945; x_wconf 84' lang='lat'><strong>.</strong></span> <span class='ocrx_word' id='word_1_469' title='bbox 651 2902 753 2947; x_wconf 66' lang='lat' dir='ltr'>Haec</span> <span class='ocrx_word' id='word_1_470' title='bbox 768 2899 1038 2946; x_wconf 90' lang='lat' dir='ltr'>construendi</span> <span class='ocrx_word' id='word_1_471' title='bbox 1054 2898 1258 2959; x_wconf 74' lang='lat' dir='ltr'>Emiffarij</span> <span class='ocrx_word' id='word_1_472' title='bbox 1274 2896 1414 2946; x_wconf 83' lang='lat' dir='ltr'>caussa</span> <span class='ocrx_word' id='word_1_473' title='bbox 1429 2899 1514 2947; x_wconf 90' lang='lat' dir='ltr'>fuit</span> <span class='ocrx_word' id='word_1_474' title='bbox 1524 2931 1537 2944; x_wconf 91' lang='lat'><strong>.</strong></span> 
     </span>
     <span class='ocr_line' id='line_1_41' title="bbox 123 2965 1876 3032; baseline -0.003 -15"><span class='ocrx_word' id='word_1_475' title='bbox 123 2972 175 3017; x_wconf 89' lang='lat' dir='ltr'>In</span> <span class='ocrx_word' id='word_1_476' title='bbox 191 2971 327 3017; x_wconf 84' lang='lat' dir='ltr'>Lirim</span> <span class='ocrx_word' id='word_1_477' title='bbox 345 2984 490 3018; x_wconf 86' lang='lat' dir='ltr'>autem</span> <span class='ocrx_word' id='word_1_478' title='bbox 506 2969 713 3018; x_wconf 62' lang='lat' dir='ltr'>dire-stum</span> <span class='ocrx_word' id='word_1_479' title='bbox 728 2968 873 3024; x_wconf 79' lang='lat' dir='ltr'>fuisse3</span> <span class='ocrx_word' id='word_1_480' title='bbox 903 2983 998 3017; x_wconf 89' lang='lat' dir='ltr'>tum</span> <span class='ocrx_word' id='word_1_481' title='bbox 1015 2969 1190 3016; x_wconf 86' lang='lat' dir='ltr'>Tacitus</span> <span class='ocrx_word' id='word_1_482' title='bbox 1206 2969 1278 3016; x_wconf 84' lang='lat' dir='ltr'>lib.</span> <span class='ocrx_word' id='word_1_483' title='bbox 1292 2972 1390 3017; x_wconf 87' lang='lat' dir='ltr'><strong>XII.</strong></span> <span class='ocrx_word' id='word_1_484' title='bbox 1416 2969 1659 3018; x_wconf 87' lang='lat' dir='ltr'>Annalium</span> <span class='ocrx_word' id='word_1_485' title='bbox 1686 2965 1876 3032; x_wconf 72' lang='lat' dir='ltr'>expresse</span> 
     </span>
     <span class='ocr_line' id='line_1_42' title="bbox 52 3035 1874 3106; baseline -0.001 -22"><span class='ocrx_word' id='word_1_486' title='bbox 52 3035 261 3094; x_wconf 75' lang='lat' dir='ltr'>affirmat,</span> <span class='ocrx_word' id='word_1_487' title='bbox 279 3039 336 3085; x_wconf 87' lang='lat' dir='ltr'>ibi</span> <span class='ocrx_word' id='word_1_488' title='bbox 352 3071 366 3095; x_wconf 77' lang='lat'>,</span> <span class='ocrx_word' id='word_1_489' title='bbox 386 3048 490 3090; x_wconf 84' lang='lat' dir='ltr'>inter</span> <span class='ocrx_word' id='word_1_490' title='bbox 503 3045 661 3092; x_wconf 82' lang='lat' dir='ltr'>Lacum</span> <span class='ocrx_word' id='word_1_491' title='bbox 679 3044 882 3087; x_wconf 76' lang='lat' dir='ltr'>Fucinum</span> <span class='ocrx_word' id='word_1_492' title='bbox 899 3038 1135 3106; x_wconf 59' lang='lat' dir='ltr'>amnemque</span> <span class='ocrx_word' id='word_1_493' title='bbox 1151 3043 1286 3086; x_wconf 85' lang='lat' dir='ltr'>Lirim</span> <span class='ocrx_word' id='word_1_494' title='bbox 1290 3055 1479 3106; x_wconf 84' lang='lat' dir='ltr'>perrupto</span> <span class='ocrx_word' id='word_1_495' title='bbox 1492 3057 1618 3088; x_wconf 83' lang='lat' dir='ltr'>monte</span> <span class='ocrx_word' id='word_1_496' title='bbox 1633 3058 1645 3095; x_wconf 82' lang='lat'><em>3</em></span> <span class='ocrx_word' id='word_1_497' title='bbox 1660 3052 1755 3085; x_wconf 90' lang='lat' dir='ltr'>tum</span> <span class='ocrx_word' id='word_1_498' title='bbox 1772 3039 1874 3082; x_wconf 83' lang='lat' dir='ltr'>Sue-</span> 
     </span>
     <span class='ocr_line' id='line_1_43' title="bbox 9 3105 1878 3240; baseline 0.002 -85"><span class='ocrx_word' id='word_1_499' title='bbox 9 3143 11 3146; x_wconf 84' lang='lat'>·</span> <span class='ocrx_word' id='word_1_500' title='bbox 51 3110 199 3157; x_wconf 85' lang='lat' dir='ltr'>tonius</span> <span class='ocrx_word' id='word_1_501' title='bbox 215 3107 479 3162; x_wconf 86' lang='lat' dir='ltr'>sufficienter</span> <span class='ocrx_word' id='word_1_502' title='bbox 493 3110 674 3177; x_wconf 85' lang='lat' dir='ltr'>explicat</span> <span class='ocrx_word' id='word_1_503' title='bbox 687 3138 701 3164; x_wconf 77' lang='grc'><strong>,</strong></span> <span class='ocrx_word' id='word_1_504' title='bbox 715 3107 823 3156; x_wconf 86' lang='lat' dir='ltr'>dum</span> <span class='ocrx_word' id='word_1_505' title='bbox 844 3125 910 3175; x_wconf 84' lang='lat' dir='ltr'>per</span> <span class='ocrx_word' id='word_1_506' title='bbox 928 3116 1005 3156; x_wconf 78' lang='lat' dir='ltr'>tria</span> <span class='ocrx_word' id='word_1_507' title='bbox 1015 3107 1198 3173; x_wconf 85' lang='lat' dir='ltr'>paffuum</span> <span class='ocrx_word' id='word_1_508' title='bbox 1226 3110 1357 3157; x_wconf 74' lang='lat' dir='ltr'>millia</span> <span class='ocrx_word' id='word_1_509' title='bbox 1387 3125 1558 3160; x_wconf 84' lang='lat' dir='ltr'>montem</span> <span class='ocrx_word' id='word_1_510' title='bbox 1573 3109 1750 3240; x_wconf 59' lang='lat' dir='ltr'><em>ffffu7*</em></span> <span class='ocrx_word' id='word_1_511' title='bbox 1761 3105 1878 3174; x_wconf 71' lang='lat' dir='ltr'>atq&#39;ue</span> 
     </span>
     <span class='ocr_line' id='line_1_44' title="bbox 988 3183 1810 3227; baseline -0.006 0"><span class='ocrx_word' id='word_1_512' title='bbox 988 3183 1027 3227; x_wconf 90' lang='lat' dir='ltr'>C</span> <span class='ocrx_word' id='word_1_513' title='bbox 1047 3195 1069 3226; x_wconf 82' lang='lat' dir='ltr'>C</span> <span class='ocrx_word' id='word_1_514' title='bbox 1085 3195 1108 3225; x_wconf 84' lang='lat' dir='ltr'>C</span> <span class='ocrx_word' id='word_1_515' title='bbox 1181 3195 1208 3227; x_wconf 86' lang='lat'>2</span> <span class='ocrx_word' id='word_1_516' title='bbox 1633 3194 1715 3226; x_wconf 80' lang='lat' dir='ltr'>exet</span> <span class='ocrx_word' id='word_1_517' title='bbox 1739 3193 1810 3222; x_wconf 77' lang='lat' dir='ltr'>nm</span> 
     </span>
    </p>
   </div>
  </div>
 </body>
</html>
