2221 3512
262 164 483 223 praetoriani
499 163 836 204 militescustodes
852 166 889 204 δι’
901 164 1102 218 stipatores
1121 161 1302 208 Caesan's,
1318 163 1357 204 in
1373 168 1544 218 quorum
1560 161 1709 216 clypeis
1723 187 1737 207 o
1752 161 1855 203 varia
1870 158 2119 209 fimulachra'}

265 223 327 263 vel
345 224 446 275 pieta
459 248 471 266 2
484 222 547 262 vel
565 220 766 275 a‘dsculpta
783 219 975 262 visuntur.
1390 222 1392 224 ’

204 300 224 328 2
236 295 284 332 92
324 281 479 319 Dacicae
496 278 694 318 cuiusdam
715 279 821 317 vrbis
839 280 946 318 ciues
963 306 975 321 7
993 276 1096 320 fame
1112 276 1273 334 oppreffi
1286 304 1299 321 ‚
1321 292 1423 333 quos
1450 278 1601 319 vicinus
1630 280 1899 323 Romanorum
1925 279 2115 320 exercitus

239 334 464 378 'obsidebat
480 362 491 379 ,
520 336 670 376 nullum
691 334 762 374 suae
780 332 911 375 salutis
929 335 1134 390 suffugium
1154 334 1343 391 super-effe
1359 339 1457 381 rati,
1485 350 1616 391 neque
1629 336 1728 391 quid
1744 334 1902 376 vitei-iiis
1920 346 2110 379 tentarent

255 397 293 436 in
311 407 483 434 mentem
497 394 648 433 veniret
660 418 671 436 ‚
689 405 856 432 mortem
876 394 979 445 prius
994 408 1183 447 oppetere
1197 422 1208 438 ,
1223 391 1343 447 quam
1359 394 1621 448 direptionem
1634 420 1645 438 2
1669 397 1708 435 δε
1725 393 1948 434 seruitutem
1965 395 2105 437 Roma.

255 449 398 492 norum
416 452 563 505 perpeti
578 450 795 489 decernunt
808 478 817 487 .
866 454 1000 508 Qare
1016 453 1214 492 communi
1231 451 1406 490 omnium
1421 451 1583 492 confilio
1600 452 1737 492 vrbem
1751 450 1967 491 incendunt
1983 474 1999 495 ‚—
2015 465 2105 493 cun-
2129 487 2136 493 .

258 508 413 563 istasque
426 508 579 561 opes2in
594 520 712 546 vnum
731 519 872 560 rogum
888 509 1268 553 collectas‚exui:unt;
1297 520 1346 546 ne
1361 511 1487 561 praeda
1503 509 1580 550 vlla
1593 509 1767 549 hostibus
1789 505 1995 563 supereflet
2007 533 2019 553 ,
2035 508 2107 551 dt,
2204 533 2207 558 ς

255 563 499 621 qua‘polscnr
515 564 686 617 gaudere
705 579 713 601 :
730 578 870 604 vxores
888 568 925 605 &
937 564 1120 607 foeminas
1134 567 1303 621 reliquas
1314 578 1405 604 cum
1419 566 1631 606 infantibus
1646 567 1862 609 trucidant}
1876 565 2026 621 ipsique
2040 564 2107 607 sub
2126 582 2144 595 -·

253 624 379 664 noetis
395 620 587 663 silentium
604 622 705 660 clam
724 621 760 660 se
776 635 823 662 ex
842 622 937 662 vrbe
954 622 1171 677 subripiunt
1185 640 1193 666 ;
1213 624 1432 664 exanimem
1448 622 1735 664 adolescentem
1750 650 1762 668 ,
1776 623 1878 664 fame
1891 624 1954 666 vel
1970 622 2111 664 morbo

254 680 391 733 aliquo
408 676 630 732 oppressum
642 704 653 722 ,
668 681 706 718 &
723 679 885 719 alterum
907 681 1155 733 grandaeuum
1173 680 1361 734 senioque
1380 680 1617 724 confectum,
1633 680 1757 720 secum
1774 681 1966 723 educunt;
1983 685 2020 722 ὃς
2043 683 2111 722 im

255 737 402 778 vastum
417 748 568 776 antrum
585 762 595 780 ‚
612 736 662 775 ad
677 736 828 776 radices
849 739 993 777 montis
1009 737 1207 781 cuiusdam
1222 738 1332 783 ,situm
1348 752 1442 781 >ceu
1457 741 1494 778 in
1510 739 1642 778 locum
1659 738 1835 781 abditum
1849 764 1861 782 2
1880 742 1918 780 &
1934 737 1957 779 Ξι
1974 740 2112 793 cogni·
2135 756 2145 778 ς

255 796 368 835 tione
382 792 549 833 hostium
566 792 758 833 {emotum
778 819 790 837 ·,
804 795 1049 836 concedunt.

205 865 280 904 293
320 852 419 891 Daci
434 851 502 904 qui
520 863 567 889 ex
585 849 680 890 vrbe
693 849 927 903 aufugerant
942 877 954 896 ς.
969 853 1115 903 confilij
1134 854 1272 908 inopes
1286 881 1297 899 ,
1308 853 1531 909 cunstisque
1547 854 1662 895 rebus
1675 854 1900 908 desperatis,
1917 854 2113 896 mortem

257 906 328 949 fibi
340 921 491 949 veneno
508 920 631 960 epoto
645 906 906 951 consciscunt3
927 922 1038 950 tanto
1056 910 1196 951 ardore
1210 914 1342 957 animi,
1357 926 1398 954 vt
1411 912 1508 952 alter
1523 913 1687 952 alterum
1702 912 1921 966 praecedere
1932 923 2113 957 certaret,
2152 927 2156 949 2

255 970 294 1007 δε
317 966 463 1020 primus
482 965 531 1003 ad
555 978 689 1004 necem
708 965 828 1004 vellet
841 979 1042 1007 accurrere
1057 996 1067 1008 .
1107 970 1186 1008 Vas
1202 983 1330 1009 autem
1345 972 1481 1023 ingens
1502 970 1539 1008 in
1554 970 1686 1009 medio
1704 981 1786 1009 erat
1801 967 2015 1023 expositum
2031 994 2046 1013 2
2062 968 2112 1008 li-

257 1036 384 1078 quore
400 1022 536 1075 aliquo
553 1020 745 1062 laethifero
758 1022 916 1076 plenum
933 1050 943 1068 ,
960 1038 1007 1064 ex
1024 1039 1105 1079 quo
1120 1027 1304 1066 nonnulli.
1315 1027 1463 1080 exiguis
1477 1027 1628 1079 poculis
1644 1040 1838 1066 venenum
1855 1025 2084 1066 hauriebant
2097 1050 2113 1070 ,

254 1078 493 1134 singulisque
515 1079 654 1119 bibere
669 1078 840 1125 dabant,
865 1094 910 1122 ea
926 1083 1098 1123 mensura
1116 1107 1127 1126 ³
1149 1097 1234 1137 quae
1251 1084 1361 1124 breui
1386 1086 1606 1124 interimere
1631 1084 1824 1124 sumentes
1849 1082 1996 1137 poiset.
2031 1082 2112 1132 Alij
2148 1103 2151 1105 ·

256 1138 454 1178 exanimes
473 1136 602 1177 iacent
622 1162 634 1180 ,
659 1150 761 1190 quos
778 1138 882 1178 virus
912 1141 987 1178 iam
1012 1142 1176 1180 extinxit
1188 1166 1199 1184 ,
1223 1142 1285 1191 alij
1316 1142 1529 1181 concidunt
1555 1143 1731 1181 morituri
1755 1167 1767 1184 ,
1794 1141 1891 1180 alios
1918 1141 1976 1181 vis
1995 1150 2114 1182 vexat

256 1195 396 1235 ueneni
411 1195 452 1233 in
469 1193 611 1236 viscera
632 1193 809 1235 transfusi
821 1224 831 1235 .
865 1195 1127 1237 Miserandum
1149 1197 1325 1251 profesto
1342 1199 1614 1253 spectaculum,
1634 1200 1673 1239 in
1685 1212 1767 1254 quo
1783 1199 1921 1239 caritas
1933 1199 1970 1238 &
1989 1198 2114 1252 pietas
2149 1234 2152 1237 Α

258 1252 476 1294 habebatur
490 1276 503 1295 «1
519 1253 557 1291 in
576 1250 662 1293 suos
674 1255 712 1292 &
727 1253 764 1291 in
777 1250 915 1307 seipsos
931 1255 1046 1294 etiam
1064 1255 1267 1296 laethaliter
1281 1255 1399 1307 seuire
1411 1286 1422 1296 .

210 1324 293 1361 294
326 1309 466 1349 Dacici
484 1311 675 1349 exercitus
694 1309 856 1364 reliquie
870 1324 939 1364 per
954 1311 1086 1364 aspera
1102 1312 1191 1352 loca
1204 1315 1241 1353 δε
1256 1314 1375 1354 ardua
1391 1315 1585 1354 montium
1600 1315 1691 1368 iuga
1707 1312 1918 1367 fugientes,
1932 1312 2115 1354 draconis
2154 1329 2158 1332 ·

260 1368 426 1421 fignum,
441 1367 552 1420 quod
565 1380 611 1405 ex
624 1367 707 1406 acie
721 1365 1196 1423 superfuerasssequuntur
1207 1399 1217 1408 .
1244 1372 1336 1410 Erat
1347 1384 1476 1412 autem
1494 1369 1702 1412 secundum
1720 1371 1964 1411 millesimum
1975 1381 2116 1424 quem-

264 1426 346 1479 ‘que
361 1423 527 1462 militem
541 1424 660 1463 draco
676 1426 822 1476 pertica
838 1423 1011 1466 sublatus
1027 1452 1039 1470 2
1056 1428 1118 1466 cui
1131 1440 1360 1481 argenteum
1375 1441 1494 1482 caput
1508 1455 1518 1471 ‚
1541 1430 1736 1483 reliquum
1752 1442 1893 1483 corpus
1910 1440 1982 1467 oeu
1996 1439 2043 1466 ex
2057 1424 2116 1466 se·
2150 1445 2154 1451 ·

264 1483 345 1522 rico
363 1492 566 1525 contexto,
582 1481 783 1521 coloribus
800 1483 1005 1527 variatum,
1021 1484 1134 1527 instar
1150 1486 1231 1524 veri
1245 1486 1439 1530 draconis,
1458 1487 1576 1526 Suida
1594 1487 1758 1527 authore
1771 1516 1781 1525 .

211 1552 286 1589 295
314 1535 444 1589 'Cesar
456 1539 593 1578 Dacos
607 1538 853 1579 clementiam
867 1540 982 1593 ipsius
997 1541 1252 1595 implorantes
1265 1557 1343 1583 non
1357 1544 1515 1583 exaudit
1527 1569 1538 1587 ‚
1558 1545 1626 1598 qui
1641 1546 1758 1585 toties
1774 1542 1892 1583 fidem
1904 1539 2117 1595 fregerant‚'
2152 1580 2153 1583 ,

261 1594 443 1650 illiusque
458 1597 630 1635 animum
655 1596 851 1636 irritatam
867 1625 876 1634 .
918 1598 1074 1638 Sinistra
1097 1612 1266 1654 namque
1282 1602 1463 1654 capulum
1478 1601 1596 1654 gladii
1609 1627 1620 1646 ,
1637 1615 1718 1655 quo
1733 1613 1814 1641 erat
1831 1601 2037 1642 accinctus,
2048 1612 2116 1652 ap·

261 1652 470 1707 prehendit
483 1677 494 1695 ‚
511 1652 646 1692 dextra
662 1652 926 1706 paludamenti
941 1654 1119 1695 laciniam
1134 1681 1146 1700 ‚
1173 1656 1282 1711 quod
1297 1661 1335 1698 ὃς
1349 1658 1509 1699 vlterius
1521 1659 1730 1712 progredi,
1758 1661 1796 1699 &
1811 1671 1916 1697 arma
1928 1655 2112 1696 aduersus

263 1708 367 1764 ipsos
381 1709 718 1763 exerereparabat
733 1739 742 1748 .
768 1710 976 1751 Clafficum
991 1712 1223 1754 buccinator
1235 1717 1350 1756 canit.
1375 1716 1547 1756 Labarus
1560 1718 1598 1757 &
1610 1716 1714 1769 ligna
1728 1729 1817 1757 cum
1833 1714 2023 1754 militibus
2033 1725 2115 1767 pre·-

265 1767 428 1807 torianis
449 1766 471 1806 a
485 1779 598 1819 tergo
615 1765 827 1809 succedunt
840 1795 851 1812 ‚
865 1769 1051 1810 Tribunis
1067 1769 1259 1811 Caesarem
1271 1773 1549 1814 comitantibus
1561 1802 1571 1812 .

212 1839 231 1868 2
241 1829 295 1873 96
328 1824 499 1864 Annona
511 1823 701 1864 militibus
715 1826 859 1866 viritim
877 1826 1118 1868 distribuitur
1129 1857 1139 1867 .
1168 1830 1387 1870 Veteranus
1410 1830 1502 1871 huic
1514 1832 1569 1871 rei
1587 1830 1697 1871 miles
1710 1843 1792 1871 erat
1805 1827 2004 1884 praefectus
2015 1854 2027 1872 ³
2048 1826 2116 1882 qui

267 1881 406 1921 modio
426 1893 550 1922 certas
563 1882 706 1936 cuique
723 1882 917 1923 mensuras
933 1883 1127 1925 distribuit
1142 1911 1153 1928 2
1170 1899 1266 1939 quas
1278 1886 1394 1927 saccis
1407 1901 1590 1942 exceptas
1603 1915 1614 1933 ³
1632 1887 1880 1942 humerisque
1896 1884 2116 1939 impositas·-

268 1940 307 1979 in
321 1939 478 1992 propria
492 1938 630 1992 {iuguli
647 1938 894 1981 tabernacula
909 1967 921 1985 ³
939 1942 1001 1981 vel
1017 1940 1119 1982 casas
1135 1941 1331 1996 asportant
1344 1974 1353 1983 .
1396 1947 1498 1986 Tota
1527 1957 1656 1985 tamen
1678 1947 1784 1999 legio
1803 1944 2029 1998 particulam
2045 1941 2115 1981 ali-

266 2009 385 2050 quam
402 1997 440 2034 in
454 1994 604 2035 saccum
620 1998 855 2050 peculiarem
872 1997 1101 2039 conferebat
1115 2025 1124 2043 ‚
1145 1999 1346 2053 sepulturae
1363 2002 1485 2045 causa;
1499 2015 1542 2042 vt
1556 2002 1581 2043 si
1599 2005 1689 2057 quis
1706 2016 1752 2042 ex
1770 1999 2118 2041 contubernalibus

267 2049 471 2093 defecisset
484 2079 495 2097 2
512 2053 561 2092 de
574 2054 644 2092 illo
661 2053 771 2094 sacco
787 2055 834 2094 ad
854 2055 1086 2109 sepulturam
1101 2055 1215 2111 ipfius
1232 2072 1477 2114 promeretur
1492 2059 1658 2115 expensa
1676 2089 1686 2099 .
1726 2062 1819 2101 Haec
1837 2060 1937 2101 ratio
1956 2056 2058 2112 apud
2073 2054 2119 2096 li-

269 2108 443 2164 gniferos
458 2111 498 2149 in
513 2110 687 2164 cophino
704 2111 926 2155 seruabatur
943 2142 953 2152 .

213 2180 230 2207 2
243 2180 294 2217 97
327 2166 546 2207 Adlocutio
557 2168 887 2223 TraianiAugusti
906 2171 1086 2224 priuatim
1098 2172 1147 2214 ad
1164 2175 1305 2214 milites
1318 2175 1470 2229 aliquot
1481 2201 1493 2220 ‚
1508 2175 1711 2230 signiferos
1722 2177 1880 2230 inquam
1893 2171 2067 2213 cohortis
2079 2172 2120 2211 δε

269 2225 528 2264 centuriarum
541 2250 553 2268 2
570 2224 701 2265 habita
720 2254 730 2264 .
772 2229 951 2280 Qorum
967 2229 1120 2270 videtur
1134 2232 1326 2284 ignauiam
1345 2232 1517 2281 obiicere
1533 2259 1545 2277 ,
1573 2235 1818 2287 alterumque
1831 2233 1984 2272 illorum
1999 2241 2120 2268 exau-

266 2282 438 2324 thorare‚
452 2281 505 2321 ob
520 2280 669 2322 facinus
685 2283 850 2338 aliquod
867 2284 1025 2338 indigne
1042 2287 1259 2333 admissum,
1280 2302 1321 2329 vt
1331 2301 1424 2342 pote
1441 2291 1509 2343 qui
1523 2292 1627 2344 pelle
1643 2302 1760 2344 caput
1772 2292 1932 2330 amictus
1950 2286 2121 2329 leonina,

273 2338 425 2379 nullum
441 2337 588 2392 fignum
605 2340 728 2392 gestet
741 2342 780 2381 in
796 2342 1000 2385 manibuss
1018 2342 1083 2383 sed
1097 2345 1154 2386 illi
1167 2346 1345 2387 videatur
1362 2359 1537 2399 ereptum
1556 2376 1566 2387 .
1608 2348 1785 2403 Reliquis
1798 2358 1928 2390 autem
1944 2344 2122 2383 munien-
2151 2365 2155 2372 .

269 2396 326 2435 dae
339 2395 550 2435 castrorum
565 2398 683 2449 partis
696 2412 829 2438 curam
845 2402 1081 2442 committit.

218 2457 242 2480 ἃ
302 2455 400 2491 Pare
412 2453 473 2491 che
488 2453 526 2491 in
539 2452 657 2506 questo
672 2455 905 2507 parlamento
920 2456 960 2495 di
974 2458 1142 2498 Traiano
1141 2459 1187 2509 st
1191 2460 1391 2511 raprffenti
1402 2460 1540 2513 lafide
1549 2464 1594 2503 de
1611 2463 1754 2504 Soldati
1764 2488 1776 2507 ‚
1800 2458 2030 2510 distendendo
2046 2465 2121 2496 tut-

266 2509 296 2549 ti
308 2509 347 2549 la
365 2524 472 2551 mano
487 2511 593 2562 verfi
610 2511 910 2565 l'Imperatore,il
924 2515 986 2555 che
999 2515 1131 2556 denota
1148 2531 1281 2556 ancora
1294 2517 1333 2557 la
1350 2532 1458 2558 mano
1459 2520 1573 2573 sopra
1588 2521 1622 2560 le
1636 2522 1692 2561 tr?
1707 2520 1849 2574 insigne
1860 2518 1953 2559 delle
1966 2514 2120 2555 Cohorti.

216 2569 295 2615 298
328 2568 444 2608 Leuis
461 2580 607 2608 armatu
615 2582 660 2608 1·ae
680 2571 826 2611 milites
842 2573 1065 2613 Praetoriam
1082 2577 1238 2616 Portam
1259 2575 1389 2630 egreffi
1405 2601 1418 2621 ³
1447 2578 1495 2619 ad
1513 2578 1665 2635 reliqua
1680 2579 1889 2621 castrorum
1904 2574 2122 2618 munimen-

272 2637 309 2663 ta
336 2623 574 2665 absoluenda
591 2628 734 2679 pariter
749 2626 786 2668 se
801 2631 1015 2683 accingunt
1028 2659 1038 2669 .
1754 2656 1756 2659 ·

220 2695 238 2720 2
249 2696 299 2730 99
333 2682 485 2723 Milites
499 2684 641 2736 ,partim
668 2684 693 2726 li
701 2697 776 2738 gna
803 2687 957 2728 caedunt
969 2713 981 2732 ‚
1007 2688 1147 2742 partim
1163 2702 1435 2743 comportant,
1463 2691 1658 2747 fabrisque
1686 2693 1860 2741 murarijs
1887 2690 2119 2731 ministrant:

273 2751 356 2777 rum
372 2740 545 2793 quadros
563 2743 600 2780 3<
618 2740 776 2782 dolatos
794 2743 964 2797 lapides;
993 2759 1071 2799 qua
1088 2748 1246 2787 materia
1262 2747 1428 2789 artifices
1445 2749 1518 2793 vii,
1547 2752 1783 2790 munitiones
1802 2749 1823 2789 a
1839 2750 1999 2790 remotis
2024 2746 2117 2787 locis

274 2795 323 2835 ad
341 2797 459 2838 castra
475 2797 594 2851 vique
608 2798 829 2850 perducunt
842 2829 853 2837 .
1010 2801 1012 2803 ’

221 2861 300 2904 300
335 2854 513 2893 Duarum
529 2857 792 2899 centuriarum
806 2859 1026 2911 praetoriani
1043 2859 1186 2901 milites
1199 2886 1211 2905 ,
1227 2874 1315 2902 ante
1331 2863 1540 2904 tentorium
1557 2865 1743 2919 principis
1759 2865 2011 2909 excubantes>
2024 2873 2122 2917 qua-

275 2922 360 2950 rum
378 2910 544 2952 totidem
560 2911 666 2964 figna
681 2912 790 2954 humi
806 2914 934 2956 defixa
949 2929 1162 2957 cernuntur
1178 2946 1188 2956 .

220 2979 272 3017 30
285 2980 301 3006 t
333 2967 472 3029 Legati
495 2968 685 3032 Decebali
699 2971 818 3025 Regis
835 2986 971 3026 pacem
984 2985 1146 3027 vpetunt5
1162 2974 1314 3029 quam&
1332 2978 1500 3019 Traiano
1519 2977 1696 3034 Augusto
1708 3007 1721 3028 ,
1734 2993 1778 3024 νε
1790 2979 1983 3036 perfidi2&
1996 2975 2122 3017 hostes

275 3024 417 3076 Populi
430 3023 596 3063 Romani
619 3026 805 3073 iudicati,
821 3043 899 3069 non
913 3030 1097 3070 obtinent
1109 3059 1120 3069 .

219 3093 298 3131 302
334 3083 438 3123 Pons
454 3080 609 3132 ligneus
626 3080 741 3135 super>
751 3085 947 3130 Tibiscum
958 3113 974 3132 ,2
999 3088 1061 3129 vel
1074 3088 1193 3131 alium
1207 3091 1433 3145 quempiam
1448 3094 1610 3134 fluuium
1626 3094 1763 3138 stratus
1777 3123 1788 3143 ,
1804 3109 1874 3150 per
1889 3107 2008 3149 quem
2024 3089 2125 3136 mili«
2161 3114 2164 3128 τ

273 3149 331 3176 tes
344 3139 393 3178 ad
409 3136 569 3178 alteram
585 3141 708 3182 amnis
723 3142 848 3194 ripam.
862 3145 1059 3194 traijciunt
1073 3174 1083 3184 .

218 3205 269 3245 30
276 3207 297 3246 3
332 3193 489 3237 Nauale
502 3194 597 3239 Istro
610 3198 834 3250 proximum
848 3224 860 3245 ,
883 3201 950 3259 vbi
966 3203 1134 3245 Romani
1159 3204 1319 3250 lintres,
1337 3204 1522 3261 scaphas5
1550 3211 1587 3252 ὃς
1607 3208 1781 3254 liburnas
1794 3211 1934 3256 etiam,
1956 3208 2122 3259 nauigat·-

1970 3278 2067 3308 troni
