2221 3512
388 57 504 124 DE
552 49 761 122 COL⁴
805 50 1215 118 TRAIANI
1257 50 1456 115 CAP·
1484 52 1598 114 IV·
1758 79 1880 133 107

11 157 13 164 ἲ
56 199 79 224 Α
121 172 218 225 licet
232 170 371 240 fnagis
389 169 714 221 meridionalem
727 198 740 222 ‚
765 166 919 232 parum
937 163 1097 216 vitibus
1111 164 1298 212 amicam
1314 157 1443 207 nobis
1459 157 1722 207 demonstrat
1744 164 1830 206 Dio
1846 193 1859 215 ,
1883 163 1959 226 qui

125 247 183 295 ibi
198 245 370 312 praefuit
383 243 457 294 lib.
473 243 632 290 XLIX·
650 240 852 302 inquiens
867 268 880 292 ³
908 255 1033 303 neque
1049 233 1161 300 apud
1174 254 1233 283 eos
1250 232 1376 278 oleum
1393 247 1467 276 aut
1485 239 1630 275 vinum
1648 260 1662 282 ,
1693 230 1961 295 nasipanczffi-

126 336 235 365 mum
254 316 428 380 nascitur
442 343 456 369 ,
479 324 609 377 prout
631 309 759 355 ctiam
775 306 1046 354 Herodianus
1074 304 1148 351 lib.
1166 308 1199 352 I.
1227 303 1277 349 de
1305 300 1383 348 hac
1405 298 1499 364 ipsa
1519 297 1679 345 Dficica
1696 303 1897 364 regione,
1916 301 1962 346 in

125 386 211 452 quii
224 389 396 434 Marcus
407 387 518 446 Imp·
534 380 696 427 bellum
711 377 896 443 gerebat,
911 378 971 425 ita
987 378 1075 424 eius
1088 376 1246 423 milites
1265 376 1494 436 loquentes
1510 368 1612 416 facit
1628 401 1641 424 ,
1660 375 1700 415 A
1707 367 1735 414 d
1750 372 1838 423 haec,
1857 376 1962 434 ripas

129 457 232 520 Istri
244 487 257 510 ,
286 471 335 502 vt
365 459 470 499 omni
485 467 647 516 tempore
664 449 925 499 incommodas
954 445 1237 512 ‘vituperabant
1250 477 1263 500 ,
1289 460 1370 507 quae
1397 458 1516 504 neque
1532 439 1740 504 pomifi’ros
1772 437 1958 485 haberent

110 527 282 594 ,frutices
298 553 312 576 2
325 529 592 586 &perpetuis
609 517 796 584 rigoribuc
811 515 1050 584 arabibusque
1070 515 1331 563 obtinerentur
1344 543 1354 553 ·
1374 514 1496 557 Nam
1513 541 1525 562 ,
1543 527 1678 573 quem
1696 509 1958 556 Neotericus

61 613 82 639 n
130 594 316 643 audacter
329 605 455 639 vocat
471 607 566 638 vuae
584 588 759 653 botrum
775 589 818 633 in
832 587 906 633 suo
923 603 1111 632 nummo
1138 586 1286 633 Daciae

128 665 307 714 XXVII·
319 674 339 715 5
357 665 482 708 Occo
498 658 703 725 glandem
719 656 795 705 else
810 656 979 704 dubitat
995 654 1072 704 fol.
1089 657 1226 701 CCII.
1242 661 1284 700 δε
1379 703 1399 724 c
1417 697 1439 728 p.

124 736 169 781 in
182 732 266 778 alio
280 730 406 778 simili
420 728 497 777 sub
517 733 588 776 VI.
605 729 779 776 Traiani
793 731 899 774 Cos.
912 740 1137 780 renouat0‚
1156 726 1285 789 penes
1362 762 1495 789 „aava
1505 758 1602 782 ram

120 802 163 851 se
183 800 381 848 existente
396 831 411 854 ,
436 804 600 848 Comes
627 796 868 846 Franciscus
884 795 1195 843 Mediobarbus
1215 797 1283 840 Bi·
1363 791 1620 852 ξ’,ἳςᾸζολῗῇ
1665 788 1744 856 ‘iuis'
1763 784 1901 833 ‘'5532‘22052‘}

119 889 257 938 ragus,
274 887 416 934 neque
430 869 628 935 glandem
644 886 782 933 neque
796 884 1014 914 racemum
1028 900 1043 923 ,
1057 864 1127 912 sed
1142 864 1286 912 distin-
1380 860 1397 882 Ρ
1418 859 1477 881 C⁰⁵
1503 854 1538 878 Η
1559 855 1597 879 ¹'‘'
1616 848 1630 878 χ
1665 841 1896 914 βέξῶῒῃιῖἑῖλξέ

121 943 185 990 ἀὲ
208 942 410 1006 personam
442 944 485 987 in
517 940 682 1006 pueruli
709 940 822 985 illius
841 935 1043 984 manibus
1062 934 1255 1000 agnoscit
1272 967 1285 990 ,

53 1026 84 1056 c
121 1027 250 1076 atque
262 1012 319 1056 ita
332 1027 564 1058 nummum
579 1006 1006 1074 descripfit,mihique
1016 1006 1228 1070 exemplar
1239 1010 1483 1074 exposcenti
1499 1010 1817 1074 perhumaniter
1829 1003 1956 1054 misit.

124 1084 218 1129 Stat
240 1082 369 1144 igitur
394 1094 537 1126 contra
566 1078 810 1126 animosum
839 1077 921 1123 hoc
939 1077 1114 1137 Nouitij
1145 1078 1369 1140 Scriptoris
1392 1083 1729 1146 pronunciatum
1745 1112 1757 1135 ‚
1778 1085 1959 1144 (praeter

123 1148 481 1198 contradistiones
499 1168 548 1196 ex
578 1150 707 1214 ipfius
722 1149 845 1195 dietis
871 1161 1008 1194 erutas
1021 1150 1037 1212 ᾖ)
1064 1145 1342 1211 probabilitas
1357 1182 1371 1204 ,
1399 1150 1646 1214 Augustum
1665 1150 1726 1198 vti
1749 1148 1960 1195 Mariana-

126 1239 222 1269 rum
236 1219 424 1284 partium
439 1250 453 1272 ,
481 1221 745 1283 Trophaeum
762 1216 881 1283 quod
908 1218 969 1264 illi
991 1221 1176 1264 ereetum
1193 1217 1346 1266 scimus
1360 1251 1372 1273 ,
1386 1230 1428 1267 δε
1458 1224 1629 1267 nummi
1644 1219 1846 1266 exhibent
1860 1247 1874 1270 ,
1890 1213 1962 1261 vel

122 1289 278 1354 duplex
294 1306 345 1334 ex
359 1288 550 1336 Cimbris
568 1298 613 1336 δέ
629 1288 901 1336 Teutonibus
916 1287 1091 1335 deuistis
1108 1320 1120 1341 ,
1148 1287 1214 1335 vel
1232 1305 1406 1337 ornatus
1424 1289 1557 1337 causi&
1575 1321 1589 1344 ,
1613 1306 1659 1338 vt
1679 1288 1800 1353 supra
1819 1285 1963 1348 tetigi-

122 1376 221 1406 mus
238 1390 252 1413 ,
268 1359 538 1422 geminatum
559 1394 571 1415 ,
589 1361 634 1404 in
651 1359 846 1406 ornando
867 1359 1020 1405 eodem
1036 1358 1222 1404 Castello
1236 1390 1250 1412 ,
1267 1358 1373 1407 dum
1404 1363 1595 1408 RIVOS
1629 1355 1962 1420 AQARVM

54 1445 84 1496 D
119 1431 400 1476 OMNWM
426 1431 688 1477 REFECIT
713 1434 794 1491 (vt
824 1429 1019 1492 loquitur
1048 1428 1197 1473 titulus
1227 1426 1421 1476 summus
1447 1427 1700 1476 difflAwus
1716 1423 1961 1475 recentioris

119 1500 260 1546 Portae
274 1496 512 1546 Tiburtinae
522 1501 544 1560 )
570 1498 676 1546 inibi
699 1497 942 1546 honorandi
962 1499 1091 1557 Marij
1110 1497 1245 1562 gratia
1266 1497 1391 1548 fixisse
1404 1519 1420 1546 ε
1447 1504 1508 1547 Ita
1524 1500 1645 1548 enim
1664 1500 1807 1547 Diuus
1825 1495 1958 1544 Iulius

119 1582 238 1634 pater
254 1585 304 1614 cx
322 1570 530 1615 Suetonio
549 1585 639 1632 cap.
658 1573 734 1616 XI.
750 1567 940 1632 Trophaea
958 1573 993 1615 C
997 1600 1008 1611 -
1027 1572 1084 1615 M
1089 1573 1162 1632 argi
1181 1568 1228 1614 de
1243 1568 1436 1633 Iugurtha
1450 1600 1464 1624 ,
1492 1567 1617 1634 deque
1642 1567 1818 1616 Cimbris
1837 1581 1962 1630 atque

118 1643 318 1686 'Teutonis
332 1668 345 1693 ‚
370 1640 462 1685 olim
489 1640 553 1685 218
545 1641 642 1704 ylla
659 1638 813 1699 difiec‘h
832 1640 1001 1700 restituit
1017 1669 1027 1680 .
1060 1639 1150 1682 Stat
1174 1634 1476 1702 propinquitas
1496 1639 1654 1685 veteris
1671 1654 1774 1684 areae
1793 1635 1958 1683 Maria-

117 1724 280 1755 norum
295 1722 686 1756 monumentorum
702 1709 829 1757 AEliae
843 1706 994 1754 domui
1010 1737 1022 1760 ,
1036 1704 1121 1753 siue
1143 1709 1293 1752 Hortis
1311 1708 1525 1754 Lamianis
1538 1738 1552 1761 ,
1577 1708 1654 1771 qui
1671 1706 1858 1754 eiusdem
1881 1702 1961 1751 do-

122 1793 220 1825 mus
248 1776 395 1825 locum
422 1780 714 1827 retinuerunt.
742 1781 831 1824 Stat
849 1777 1035 1841 denique
1062 1774 1364 1823 denominatio
1391 1775 1702 1831 Cimbrorum,
1719 1778 1962 1823 etiamnum

54 1845 80 1896 ’Ξ
124 1846 372 1894 viuentibus
399 1850 618 1896 Marliano
642 1857 689 1896 Sc
715 1850 876 1895 Mauro
900 1848 1001 1894 loco
1030 1848 1265 1901 inhaerens,
1296 1861 1344 1894 vt
1371 1847 1488 1912 prior
1516 1845 1589 1893 lib.
1617 1850 1694 1894 IV.
1725 1863 1812 1909 cap.
1841 1845 1965 1892 Xiv.

122 1916 226 1964 alter
239 1934 329 1982 cap.
348 1922 402 1965 X·
416 1935 515 1983 pag.
541 1921 722 1966 'LXXII-
740 1917 936 1965 testatur:
966 1917 1169 1981 quinimo
1197 1932 1296 1964 ante
1321 1918 1587 1982 quingentos
1613 1917 1666 1962 ab
1696 1915 1797 1962 hinc
1825 1928 1966 1961 annos

120 1985 286 2052 scriptis
300 1987 519 2036 Benediai
535 1990 693 2038 S.Petri
710 1988 925 2036 Canonici
938 1986 1007 2034 'his
1024 1985 1161 2036 verbis
1180 1984 1339 2041 asserta,
1355 1986 1611 2052 Progreditur
1624 2004 1714 2033 ante
1731 1983 1967 2049 Trophaeum

122 2061 290 2121 Μανῆ,
318 2055 425 2124 quod
438 2075 604 2106 vocatur
631 2058 869 2113 Cimbrum,
897 2056 1036 2122 tranfit
1064 2057 1455 2121 pet-Merulanam‚
1480 2073 1578 2121 quae
1594 2055 1655 2102 ibi
1681 2052 1968 2103 vetustissimo

119 2129 302 2174 nomine
322 2126 459 2174 adhuc
483 2143 651 2177 retento
667 2131 868 2194 proxima
895 2126 1032 2173 adhuc
1047 2140 1162 2174 extat
1180 2125 1361 2174 Ecclesia
1376 2128 1496 2173 Diuo
1513 2125 1728 2172 Matthaeo
1749 2122 1968 2189 Apostolo

119 2194 282 2243 dicata:
310 2211 357 2243 vt
371 2196 514 2246 sileam
538 2214 603 2246 tot
626 2198 976 2247 doetiffimorum
994 2199 1186 2252 virorum
1217 2194 1423 2242 affensum
1440 2226 1452 2249 ,
1484 2196 1654 2242 &inter
1673 2211 1745 2240 eos
1778 2191 1969 2240 Famiani

58 2264 80 2314 ἐ
126 2267 336 2320 Nardini,
367 2285 418 2314 ex
434 2286 525 2334 quo
540 2271 685 2334 aliqua
700 2287 750 2316 ex
772 2270 837 2315 his
864 2266 1073 2332 desumpsi
1091 2297 1104 2320 ,
1131 2265 1300 2330 plenius
1328 2264 1444 2329 apud
1474 2282 1573 2311 eum
1602 2262 1812 2317 videnda,
1839 2279 1967 2309 non..

126 2336 313 2400 'vulgaris
328 2337 492 2399 iudicii,
509 2347 551 2388 δέ
563 2339 785 2404 singularis
802 2338 970 2385 insimul
987 2336 1202 2383 modestiae
1221 2336 1460 2399 Scriptoris3
1474 2333 1596 2399 quod
1610 2334 1822 2398 imprimis
1839 2333 1885 2378 in
1902 2347 1969 2378 res

129 2403 277 2451 dubias
294 2414 335 2453 ὃ(
359 2407 555 2457 obscuras
583 2410 860 2457 tractantibus
891 2405 1291 2455 commendandum
1324 2405 1435 2450 duco
1456 2437 1466 2446 .
1507 2408 1731 2470 Integrum
1761 2418 1907 2450 tamen
1921 2400 1972 2448 sit

130 2475 312 2539 cuique,
339 2478 408 2523 vel
435 2495 535 2525 cum
564 2480 814 2544 Capitolini
832 2478 1087 2543 epigraphe,
1116 2478 1270 2524 &non
1301 2476 1427 2521 vnius
1447 2473 1582 2523 saeculi
1613 2471 1973 2536 conspiratione..

129 2544 172 2591 T
186 2548 227 2592 R
241 2550 287 2592 O
302 2549 334 2592 P
347 2549 392 2592 H
405 2550 486 2594 ΑΕ
499 2552 543 2594 Α
564 2571 574 2581 ·
586 2553 624 2596 C
641 2571 652 2582 ·
685 2553 739 2598 M
756 2554 799 2596 A
818 2553 856 2596 R
870 2553 919 2596 II
939 2579 950 2602 ,
970 2547 1036 2595 vel
1052 2565 1154 2594 cum
1172 2545 1265 2592 solo
1282 2561 1364 2609 prae
1381 2544 1586 2591 omnibus
1601 2541 1972 2590 confidentiffimo

128 2615 371 2662 Neoterico
385 2620 748 2685 vetustamfamam
763 2627 1020 2686 impugnante
1033 2648 1045 2672 ‚
1063 2614 1412 2683 diuturnitaziqne
1430 2622 1615 2678 temporis
1637 2611 1973 2677 belltemfaciente

55 2701 94 2733 G
129 2685 213 2749 (vt
228 2703 278 2732 ex
296 2687 518 2734 Simonide
533 2687 730 2753 loquitur
745 2689 996 2737 Plutarchus
1014 2690 1058 2733 in
1082 2684 1250 2734 Theseo
1265 2688 1283 2745 )
1311 2688 1340 2732 Ἰ
1357 2686 1668 2734 ROPHAEA
1698 2682 1977 2730 TRAIANI

131 2755 324 2823 primum
336 2773 585 2822 nuncupare
599 2790 612 2813 ‚
629 2768 672 2806 ὅε
689 2773 911 2824 quotquot
943 2758 1027 2806 huc
1043 2757 1176 2820 Vsque
1191 2755 1439 2802 hallucinati
1455 2753 1629 2801 fuerunt
1643 2783 1656 2807 ‚
1685 2769 1869 2799 errorem
1884 2766 1976 2795 cor-

131 2827 288 2893 rigere·
319 2830 435 2874 Huic
450 2826 647 2876 solitariae
677 2831 905 2894 opinioni,
937 2843 1147 2892 tanquam
1166 2826 1294 2889 pleno
1324 2827 1589 2872 literatorum
1608 2826 1768 2869 Senatu
1783 2820 1975 2867 dietante

133 2898 445 2964 promulgatae,
472 2897 610 2946 obiter
627 2897 989 2962 ass‘enfitisponius
1006 2930 1020 2954 ,
1049 2895 1124 2944 lib.
1153 2898 1184 2940 Ι.
1203 2893 1268 2941 sui
1284 2896 1380 2942 ltin.
1399 2912 1496 2959 pag.
1518 2910 1632 2959 399,

202 2972 314 3016 Non
329 2968 442 3016 male
461 2983 606 3017 autem
634 2987 736 3015 cum
756 2973 803 3016 P.
820 2973 1003 3016 Donato
1021 2984 1112 3013 rem
1125 2996 1140 3020 ‚
1166 2979 1214 3012 vt
1242 2964 1385 3028 primo
1412 2962 1625 3018 diximus,
1655 2964 1699 3009 in
1715 2958 1861 3009 medio
1879 2959 1974 3021 quis

135 3038 374 3107 relinquet,
401 3038 431 3086 fi
458 3055 543 3104 qua
567 3037 791 3104 presertim
810 3037 911 3086 fides
929 3036 1059 3086 Celso
1085 3033 1311 3104 Cittadino
1329 3033 1560 3099 praestanda
1587 3033 1708 3081 venit
1726 3032 1841 3144 ,squi
1858 3024 1980 3072 noua

1249 3108 1294 3151 O
1332 3123 1360 3153 2.
1761 3112 1910 3143 enten-
