2221 3512
265 300 467 364 LXXIV,
483 307 528 352 in
545 301 796 366 Capitolio3
824 315 1015 363 quorum
1030 298 1174 364 aliqua
1190 329 1205 353 ,
1220 296 1250 345 fi
1266 290 1354 344 non
1370 297 1519 343 omnia
1533 326 1547 350 ,
1577 294 1820 360 recognoui-
1831 324 1846 350 ,
1873 292 1923 343 vt
1933 293 1990 344 'de
2003 285 2091 347 fide
2127 306 2160 350 A*

259 380 434 448 pictoris
449 375 683 442 periculum
701 371 883 418 facerem
900 398 913 421 ‚
925 376 969 415 &
986 367 1108 417 firm&
1121 368 1264 416 fronte
1280 368 1477 415 Ciacono
1490 365 1783 417 defensionem
1797 357 2089 417 conttassinane

248 453 343 500 'hoc
359 448 513 513 praescri
519 460 644 510 ptum
660 459 709 486 ex
725 438 822 504 ipsis
833 452 1027 486 veterum
1050 437 1249 503 operibus
1263 452 1452 501 pararem
1465 467 1477 479 ³
1513 433 1675 483 Verum
1699 434 1788 482 haec
1803 435 1954 482 omnia
1967 433 2088 486 miffa

260 521 419 568 faciens
435 536 447 571 3
464 512 567 561 illud
589 509 759 557 tanturn
782 524 954 575 quaero,
982 525 1034 553 an
1051 506 1210 572 probus
1234 500 1512 553 dimenfionia
1527 503 1655 551 index
1671 504 1719 552 fit
1746 503 1835 569 ipse
1851 504 2090 562 Traianus,¹

256 590 360 636 ¹alibi
377 591 395 649 (
412 582 525 631 haud
541 596 685 626 tamen
711 577 887 643 procul)
917 575 980 624 vti
992 574 1098 623 facie
1113 575 1189 623 suo
1204 574 1439 640 archetypo
1455 572 1717 629 simillimus,
1734 572 1788 621 fic
1802 574 1972 639 reliquo
1993 591 2090 624 cor-

258 675 364 723 pore
378 685 392 709 2
417 667 464 700 vt
479 649 697 717 probabile
713 645 771 693 est
786 678 800 701 ,
829 645 1057 711 diligenter
1073 642 1265 693 effictus}
1296 649 1337 693 Si
1351 643 1435 691 hoc
1449 646 1711 693 Neotericus
1723 643 1833 691 mihi
1853 643 2059 693 concedet
2073 661 2091 695 z

249 723 479 773 *ostendam
493 721 554 767 illi
573 718 744 766 Traiani
759 713 942 781 effigiem
957 717 1002 761 in
1020 715 1242 762 Columnz‘i
1257 731 1379 762 num.
1396 717 1474 779 87.
1492 726 1589 760 toto
1603 713 1767 778 capite,
1790 715 1940 762 iundto
1953 717 2087 763 etiam
2129 735 2153 767 ι

246 795 462 860 ἐειρίΙΙίῑίο
477 788 724 836 acceffionis
750 786 876 839 loce,
903 801 1068 831 nonam
1092 788 1112 846 (
1126 785 1363 832 minimum
1388 780 1568 843 minus)
1597 783 1687 829 eius
1710 783 1873 831 staturae
1888 799 2084 849 partem..

249 867 538 929 integrantem
565 876 579 913 3
607 859 687 904 hoc
714 854 770 902 est
786 886 798 909 ,
830 855 961 900 trium
978 854 1227 908 vnciarurn‚
1253 854 1300 900 in
1314 851 1537 899 altitudine
1547 852 1773 899 vnciarum
1788 858 1956 904 XXVI.
1978 855 2085 907 sext.

252 937 307 984 II.
337 941 379 980 δε
394 930 518 978 semis
534 961 545 971 .
576 925 708 988 de
740 923 769 970 si
788 922 985 987 glabrum
1014 922 1141 986 ipfius
1167 937 1295 989 caput
1325 920 1639 969 consideremus
1665 951 1679 976 ‚
1696 921 2089 992 quantulacunque

250 1002 567 1049 diminutione,
596 1012 690 1060 quae
712 1004 801 1039 non
827 993 1011 1038 minima
1027 991 1203 1039 dicenda
1221 992 1280 1040 est
1293 1023 1307 1046 ‚
1328 994 1374 1038 in
1390 1008 1444 1038 eo
1457 1022 1472 1048 ,
1493 1008 1628 1057 quem
1649 1007 1742 1038 non
1754 991 1807 1039 ad
1823 1007 1969 1042 cutem
1982 1008 2085 1043 ton-

246 1073 357 1125 sum,
374 1068 441 1116 sed
455 1066 591 1133 spiffis
608 1073 650 1111 3<
664 1060 943 1127 longiusculis
959 1061 1145 1126 capillis,
1159 1063 1361 1126 'quamuis
1630 1100 1650 1107 ..

243 1158 338 1190 non
354 1137 638 1190 caesarianum,
662 1135 707 1179 in
723 1129 946 1178 Columnd
965 1140 1009 1179 Sc
1030 1130 1362 1179 numismatibus
1542 1133 1546 1140 '

244 1209 562 1274 conspicimus3
591 1202 785 1268 proxime
810 1201 861 1247 ad
878 1201 1090 1248 decimam
1112 1216 1277 1265 partem
1293 1215 1363 1248 to-

244 1282 328 1327 tius
342 1277 531 1342 corporis
546 1272 712 1320 accedet
724 1307 737 1320 .
753 1273 991 1317 Traianum
1004 1271 1147 1334 itaque
1159 1271 1300 1317 exacte*
1313 1273 1362 1324 in

241 1349 316 1397 sua
333 1345 444 1412 apud
466 1362 536 1393 me
561 1339 716 1408 gypsea‘i
733 1339 874 1387 forma
890 1338 1133 1386 dimensum
1154 1339 1221 1385 hic
1236 1339 1331 1389 sisto
1344 1370 1361 1396 ,

240 1434 291 1468 vt
306 1420 498 1465 Ciacono
510 1412 586 1459 suo
599 1410 849 1477 prouinciali
863 1423 1093 1474 patronum
1106 1407 1147 1455 se
1159 1409 1359 1473 praebeat3

243 1498 288 1537 δε
313 1504 365 1534 eo
393 1476 1145 1551 paet0,ve1inanimis‚sophismata
1162 1478 1361 1526 aduersus

246 1559 369 1605 illum
386 1555 560 1602 excitata
590 1550 725 1597 diluat
738 1580 751 1604 ‚
769 1565 860 1614 quo
887 1550 1113 1611 Diogenes
1140 1547 1359 1613 quendam

241 1642 414 1688 morum
442 1635 700 1686 negantem..
729 1631 853 1666 motu
877 1617 971 1682 ipso
997 1616 1360 1666 deambulationis

238 1699 391 1744 tacitus
423 1690 641 1740 confudit.

310 1763 470 1813 Rursus
484 1793 498 1817 7
520 1779 655 1826 quam
682 1759 752 1806 ille
768 1756 1007 1806 catenulam
1031 1755 1138 1801 circa
1151 1755 1358 1822 clypeum

241 1836 392 1885 militis
420 1850 541 1880 num.
573 1848 645 1896 33.
679 1828 861 1893 appellat
889 1856 904 1880 2
933 1825 1002 1872 hic
1017 1824 1173 1871 sertum
1188 1855 1201 1878 ,
1217 1824 1357 1871 inusto

235 1903 412 1953 asterisci
427 1903 471 1949 sti
476 1914 621 1966 gmate
635 1933 648 1956 ,
665 1896 863 1945 emendat
879 1914 889 1942 ε
907 1904 948 1944 ὃ(
964 1912 1061 1952 cur,
1077 1894 1221 1958 rogito
1236 1924 1250 1948 ,
1265 1910 1358 1940 non

236 1976 396 2040 poterit
412 1973 491 2019 hoc
506 1970 663 2017 sertum
679 1968 858 2014 catenula
874 1965 1042 2018 vocari,
1072 1980 1162 2010 non
1176 1962 1357 2027 quidem

238 2060 340 2093 vcra
357 2074 369 2096 ,
401 2057 447 2090 vt
461 2039 748 2089 Neotericum
775 2034 956 2099 suspicio
982 2034 1165 2089 inuasit,
1195 2050 1355 2096 quam,

236 2113 288 2161 ad
317 2112 480 2159 hostem
511 2106 792 2156 vinciendum
822 2108 930 2151 inter
960 2120 1090 2150 onera
1119 2102 1355 2150 militaria..

236 2164 395 2250 perlati
430 2179 601 2226 solitam
634 2195 684 2223 ex
716 2173 898 2239 Iosepho
934 2186 1056 2219 notat
1084 2170 1246 2235 Lipfius
1269 2205 1283 2227 ,
1312 2180 1357 2219 &

237 2249 501 2319 quandoque.
530 2250 774 2295 Germanos
801 2260 979 2309 quoque
1001 2244 1046 2288 in
1061 2258 1156 2288 eam
1173 2239 1355 2289 caussam

234 2319 494 2370 consueuiffe
523 2317 727 2365 monstrat
744 2314 920 2363 Tacitus
945 2312 1188 2360 Annalium
1205 2310 1282 2356 lib.
1300 2314 1354 2358 II.

237 2397 398 2458 repertis
414 2396 516 2436 inter
524 2386 655 2452 spolia
668 2404 795 2432 eorum
819 2390 966 2430 catenis
983 2414 997 2438 ,
1028 2399 1120 2447 quas
1141 2387 1184 2426 in
1202 2384 1351 2428 Roma-

238 2480 335 2515 ms,
360 2475 410 2508 vt
440 2477 512 2504 non
541 2454 658 2503 dubio
681 2471 856 2509 euentu,
882 2467 1138 2516 portauerant
1156 2482 1168 2500 ,
1193 2448 1264 2495 seu
1299 2449 1352 2496 ad

237 2528 436 2577 ordinem
466 2528 512 2573 in
538 2522 683 2590 pugni
712 2521 966 2570 seruandum
982 2552 996 2576 ‚
1023 2535 1068 2569 vt
1098 2518 1352 2567 Plutarchus

238 2599 291 2647 de
307 2596 500 2646 Cimbris
517 2597 575 2641 ait
590 2595 636 2640 in
651 2593 753 2641 Vita
770 2591 898 2653 Marij
912 2621 926 2646 ,
939 2597 1081 2639 etenim
1095 2591 1162 2655 qui
1168 2596 1349 2652 primum

239 2675 285 2717 in
298 2674 380 2715 acie
392 2669 522 2713 locum
540 2662 753 2710 tuebantur
769 2693 784 2717 ,
808 2664 925 2728 longis
938 2666 1081 2708 catenis
1101 2657 1236 2705 balteis
1251 2656 1346 2722 infi-

239 2744 305 2784 xis
322 2752 423 2783 mter
441 2733 522 2800 ses}
537 2733 702 2798 copulati
727 2748 849 2796 atque
866 2737 1029 2778 connexi
1052 2745 1162 2776 erant
1176 2758 1192 2781 ‚
1220 2745 1266 2772 ne
1282 2725 1348 2773 di-

240 2808 345 2853 uelli
361 2800 515 2850 ordines
524 2803 694 2868 pffnt:
710 2819 808 2856 cur,
826 2801 1023 2864 inquam,
1039 2812 1233 2845 catenam
1253 2812 1348 2843 eam

237 2891 330 2924 non
347 2887 549 2922 vocemus
565 2901 579 2926 ,
605 2887 696 2918 non
711 2870 888 2936 quidem
903 2885 1047 2916 veram
1059 2897 1074 2922 ,
1089 2882 1137 2915 vt
1150 2866 1263 2919 dixi,
1276 2864 1350 2912 sed

237 2961 318 3010 pro
344 2943 533 3006 digmate
549 2940 608 2986 ibi
633 2942 874 3005 appistam,
901 2953 947 2986 vt
959 2939 1216 3002 plerumque
1232 2935 1351 2984 alia..

237 3010 448 3078 eiusmodi
461 3010 638 3074 appingi
653 3013 782 3056 moris
794 3007 911 3056 fuisse
922 3009 1036 3056 idem
1048 3007 1267 3055 Ciaconus
1278 3023 1350 3052 ex-
1567 3030 1582 3069 s
1854 3048 1859 3055 ,
1878 3044 1887 3059 s
1956 3040 1979 3049 κ

236 3083 366 3149 plicat
375 3097 530 3143 num.9
539 3096 601 3133 0.,
611 3086 654 3125 ὃς
666 3080 709 3124 in
720 3077 855 3144 specie
866 3078 1080 3128 catenulas
1091 3092 1210 3123 num.
1223 3091 1238 3122 1
1249 3074 1351 3143 943

235 3156 406 3213 Nonne
420 3158 463 3199 Sc
474 3148 560 3215 ipse
575 3150 815 3197 catenulam
831 3145 1162 3215 quodammodo
1175 3147 1302 3195 nobis
1316 3140 1487 3194 exhibet
1496 3143 1544 3195 in
1557 3142 1712 3210 clypeo
1728 3140 1930 3209 Vinoiiae
1942 3142 2072 3205 num:t

1885 3223 2001 3265 229.
