2221 3512
282 215 367 281 42.
538 187 1173 257 RAPHAELIS
1237 182 1783 251 FABRETTI

196 300 319 360 Scio,
339 302 469 350 semel
493 302 795 367 Capitolinum
832 303 877 349 in
910 306 1081 351 Anton.
1108 305 1191 351 Pio
1221 301 1455 351 confudisse
1468 334 1482 357 ,
1509 307 1749 368 congiarium
1775 298 1972 349 militibus
1997 319 2051 349 acu
2075 311 2106 364 A

193 375 338 443 populo
354 371 402 420 de
410 379 567 438 proprio
595 370 705 419 dedit
721 388 732 416 :
761 369 831 417 sed
849 372 948 420 cum
964 391 1119 421 omnes
1133 373 1333 420 authores
1344 405 1355 427 ,
1371 374 1502 420 etiam
1516 373 1630 419 illius
1643 370 1849 436 temporis
1863 400 1877 423 ,
1890 368 2036 418 distin-

199 450 386 493 stionem
412 444 648 495 retineant,
669 446 689 503 (
710 439 816 487 dum
843 443 1119 506 Lampridius
1142 444 1186 488 in
1205 448 1363 490 Seuero
1377 442 1529 497 tradit,
1554 449 1787 507 congiarium
1810 440 1954 504 populo
1977 458 2035 488 ter

197 514 308 563 dedit
322 545 336 569 ,
353 511 586 561 donatiuum
615 508 810 557 militibus
826 529 880 558 ter
898 515 918 570 )
936 512 1051 558 hune
1069 511 1222 560 mediae
1238 514 1458 559 latinitatis
1486 513 1749 576 Scriptorem
1773 508 1919 573 sequi,
1947 525 2030 573 po-

195 585 280 632 tius
300 595 425 646 auget
439 577 707 625 oscitantiam
720 609 734 632 ,
750 579 884 644 quam
900 581 1078 629 abusum
1096 584 1210 631 vocis
1226 580 1416 637 excuset,
1439 583 1698 646 Scriptorem
1711 612 1724 637 ,
1741 582 1937 644 inquam,
1952 577 2032 643 qui

197 652 344 719 paullo
360 648 466 696 infra
483 648 505 694 ὲ
522 647 563 694 se
579 651 770 704 variam,
795 653 1056 717 proprieque
1073 653 1240 698 locutus
1257 682 1271 706 ,
1285 650 1426 699 subdit
1441 683 1456 706 ,
1477 659 1722 716 congiarium
1734 652 1868 715 populo
1891 647 2004 695 dedit
2017 678 2033 704 ,

197 719 398 770 militibus
410 717 647 766 donatiuum
668 716 855 776 addidit,
875 721 902 768 si
919 738 1010 768 non
1023 730 1067 769 δέ
1082 720 1150 768 hic
1168 728 1186 782 (
1201 735 1249 768 vt
1264 719 1493 769 Turnebus
1507 720 1725 769 lib.XXV.
1744 716 1923 766 Aduers.
1937 735 2029 783 cap.
2080 743 2107 775 B

204 795 347 841 XIIX.
374 788 610 849 intellexit)
637 787 894 837 donatiuum
919 808 998 856 pro
1013 789 1224 856 stipendio
1237 792 1422 856 accepit,
1440 804 1568 855 prout
1586 788 1799 854 nusquam
1828 786 1904 835 fibi
1930 804 2035 834 con·

166 891 170 895 -
198 862 344 914 stam,
360 857 499 906 rursus
525 859 571 902 in
592 856 694 904 Vita
710 860 827 904 Max.
854 860 1032 907 &Balb.
1059 875 1166 909 voce
1192 859 1385 926 stipendij
1411 878 1489 926 pro
1506 859 1717 907 donatiuo
1743 858 1958 911 abutitur,
1987 871 2037 904 vt

199 931 379 978 aduertit
400 926 679 977 Casaubonus
695 927 745 972 ad
768 927 842 976 fol.
861 945 916 987 25
935 946 971 979 ι.
1001 929 1106 979 vers.
1128 944 1207 988 25.
1236 932 1399 977 Dicent
1421 928 1562 978 forsan
1578 961 1591 985 ,
1616 927 1758 994 ipsum
1785 927 1929 974 latinae
1945 927 2036 974 elo-

198 999 387 1065 quentiae
413 1011 636 1062 parentem
654 996 695 1042 id
711 996 869 1046 senfiffe
883 1000 926 1046 in
945 999 1073 1064 Epist.
1091 1005 1147 1049 V.
1162 1000 1234 1046 lib.
1252 1004 1373 1048 XVI.
1404 998 1455 1046 ad
1471 1000 1607 1046 Attie.
1632 997 1705 1045 vbi
1721 995 2036 1060 delegionibus

206 1066 504 1118 Macedonicis
520 1067 664 1131 inquit
679 1096 692 1120 ,
719 1072 799 1114 Hae
814 1089 1052 1135 congiarium
1068 1068 1117 1116 ab
1133 1076 1302 1118 Antonio
1316 1077 1485 1134 acctPere
1514 1071 1748 1116 noluerunt:
1773 1066 1841 1112 sed
1869 1067 1958 1112 iuri:
1974 1065 2034 1112 ibi

200 1138 474 1204 congiarium
492 1149 618 1182 vocat
634 1137 786 1182 Cicero
801 1169 813 1192 ,
831 1137 952 1203 quod
968 1155 1059 1185 non
1075 1138 1137 1186 vti
1151 1137 1202 1184 ab
1218 1144 1478 1204 Imperatore
1491 1137 1718 1191 militibus,
1734 1135 1806 1183 sed
1821 1151 2032 1200 tanquam
2077 1143 2105 1194 ’ς’

197 1208 222 1255 a
238 1204 436 1254 seditioso
448 1206 540 1251 ciue
556 1205 849 1269 quiritibu8,vt
862 1225 933 1254 eos
945 1208 997 1255 ad
1007 1207 1078 1254 sua
1092 1208 1208 1272 ligna
1221 1207 1435 1273 sequenda
1448 1208 1646 1261 alliceret,
1660 1205 1854 1253 oblatum
1869 1205 2005 1253 fuerat
2020 1222 2031 1250 :

198 1275 428 1343 potuitc‘lue
457 1274 555 1322 vere
570 1276 839 1339 congiarium
862 1278 907 1323 in
934 1277 1126 1342 frugibus
1155 1286 1197 1324 ὀί
1218 1277 1552 1336 comestibilibus
1573 1275 1742 1331 offerri,
1769 1276 1821 1322 ab
1833 1275 2036 1329 homine,

194 1361 243 1412 yt
257 1346 316 1393 ibi
332 1342 542 1398 subditur,
568 1345 757 1408 pecuniae
775 1347 1047 1410 egentissimo
1064 1380 1075 1391 .

263 1413 422 1463 Parum
437 1413 600 1477 integre
616 1415 746 1460 etiam
759 1446 772 1470 ,
796 1429 925 1480 atque
940 1416 1174 1481 improprie
1189 1447 1202 1470 ,
1217 1415 1263 1462 ni
1281 1414 1405 1463 fallor
1418 1445 1434 1470 ,
1463 1414 1583 1480 quod
1597 1415 1847 1481 Xiphilinus
1866 1412 2037 1467 retulit,

193 1484 245 1543 de
263 1483 479 1531 Decebalo
498 1482 734 1529 Traianum
751 1500 953 1532 venerato
967 1517 980 1541 ,
1009 1487 1073 1533 isti
1094 1484 1145 1532 ad
1165 1485 1369 1532 perficam
1390 1484 1723 1550 quodammodo
1737 1484 2036 1532 adorationem

189 1553 365 1601 trahunt
380 1569 499 1599 num.
512 1568 568 1599 22
582 1570 597 1600 1
609 1583 636 1606 .,
648 1567 774 1616 prout
786 1553 830 1599 su
835 1554 908 1619 pra
922 1571 1044 1602 num.
1057 1572 1162 1622 195.
1175 1555 1308 1602 alium
1320 1559 1543 1602 Dacorum
1559 1555 1782 1621 Regulum
1795 1556 2036 1602 Traianum
2069 1577 2104 1605 n

194 1622 375 1670 adoraffe
398 1623 485 1668 iam
514 1620 706 1668 dixerant
724 1656 734 1666 .
768 1626 826 1671 Vt
850 1637 898 1671 vt
920 1623 1060 1671 sensus
1088 1624 1210 1671 verbi
1233 1623 1517 1685 weyonuvn'om
1540 1624 1802 1673 adorationis
1817 1623 2032 1672 verbum...

194 1692 392 1739 admittat
407 1721 420 1744 ,
437 1703 485 1737 vt
499 1692 626 1737 etiam
643 1690 956 1740 Godeleuaeum
974 1692 1189 1741 reddidiss‘e
1208 1694 1339 1741 video
1362 1695 1409 1741 in
1425 1699 1537 1742 Not.
1555 1694 1607 1741 ad
1635 1694 1710 1740 lib.
1728 1700 1875 1745 XXX.
1897 1693 2004 1753 Liuij
2021 1723 2036 1746 ,

196 1759 289 1808 imo
305 1779 356 1807 ex
372 1758 515 1806 minus
533 1761 771 1807 recentibus
789 1764 1002 1811 Zonaram
1017 1763 1150 1814 lib.ll.
1170 1764 1333 1810 Annal.
1346 1764 1397 1809 de
1410 1764 1492 1810 hoc
1511 1763 1621 1811 facto
1633 1766 1808 1812 Traiani
1825 1761 2037 1826 scripsiss‘e3

193 1846 391 1894 tempore
407 1844 552 1875 tamen
572 1847 661 1894 quo
676 1832 741 1879 isti
757 1832 814 1877 ita
831 1833 1001 1896 loquuti
1020 1831 1117 1879 sunt
1131 1864 1144 1887 ,
1161 1834 1246 1879 iam
1263 1833 1534 1887 obtinuerat,
1554 1849 1599 1882 vt
1617 1834 1808 1880 adoratio
1823 1833 2040 1895 Principis

195 1899 259 1947 nil
277 1896 392 1945 aliud
411 1897 662 1962 fignificarct
675 1929 688 1952 ,
718 1900 849 1964 quam
867 1900 1169 1948 salutationem
1184 1932 1199 1955 ,
1217 1916 1263 1948 vt
1278 1902 1461 1967 explicat
1476 1903 1773 1949 Gothofredus
1789 1904 1832 1948 in
1852 1906 2033 1949 Comm.

196 1969 293 2016 adl.
312 1969 426 2015 vnic.
455 1967 505 2013 de
534 1968 716 2032 Praepos.
735 1970 814 2020 sac,
841 1970 974 2018 cubic.
1000 1973 1044 2017 in
1060 1971 1175 2022 Cocl.
1193 1970 1410 2018 Theodos.
1434 1986 1542 2018 tom.
1560 1976 1611 2019 II.
1636 1972 1708 2018 lib.
1726 1977 1805 2019 VI.
1826 1973 1891 2019 tit·
1916 1975 2032 2017 VIII.
2078 1991 2107 2024 E

198 2035 470 2087 Erubuiffent
487 2039 604 2084 enim
619 2039 810 2100 profeeio
825 2042 1049 2089 Honorius
1064 2049 1107 2088 δε
1122 2039 1389 2088 Theodofius
1404 2042 1549 2088 iunior
1560 2072 1574 2096 ,
1588 2043 1824 2107 Principes,
1841 2042 1910 2087 ille
1925 2043 2035 2090 inter

197 2126 290 2156 non
311 2107 464 2161 malos,
482 2105 549 2152 hic
563 2108 670 2153 inter
686 2113 877 2173 egregios
894 2109 1151 2165 recensendi,
1168 2112 1329 2156 nimios
1341 2141 1354 2165 ,
1369 2110 1462 2158 imo
1476 2110 1649 2157 diuinos
1664 2109 1832 2177 prorsus
1850 2112 2037 2158 honores

198 2177 276 2225 sibi
294 2174 555 2240 praescribere
572 2207 585 2231 ,
602 2190 649 2223 vt
666 2177 754 2232 ibi,
771 2177 979 2228 adoraturi
998 2175 1363 2247 nostrssefierent‘tasis
1379 2188 1595 2245 Imperium
1608 2211 1622 2237 ,
1649 2189 1693 2228 Sc
1705 2182 1864 2246 pluries
1880 2180 2035 2227 eodem

199 2248 426 2294 volumine
455 2244 628 2293 fidentia*
657 2247 780 2311 aeque
811 2248 1059 2312 inculpabili
1084 2248 1245 2296 faciunt
1277 2267 1288 2303 3
1326 2251 1532 2314 reperitur
1559 2251 1678 2298 enim
1706 2249 1843 2297 modo
1873 2248 2035 2296 adorare

204 2321 427 2380 Principem
446 2315 471 2361 l·
489 2316 602 2364 vnic.
617 2314 669 2362 de
685 2319 834 2368 comit.
858 2327 901 2366 ὅ(
916 2317 1012 2366 trib.
1027 2317 1126 2366 scol.
1145 2350 1160 2374 ,
1186 2318 1322 2365 mode>
1345 2327 1595 2371 aeterm‘tatem
1609 2352 1620 2365 .
1637 2321 1664 2367 l.
1685 2337 1727 2379 3.
1743 2319 1794 2366 de
1807 2318 2008 2367 fabricen.
2021 2348 2036 2372 ,

202 2383 592 2449 modost-renitatem
609 2392 803 2452 Principis
816 2387 843 2433 l.
866 2405 903 2435 1.
922 2386 973 2434 de
987 2385 1125 2436 decur.
1143 2397 1183 2436 &
1197 2388 1331 2435 silent.
1349 2421 1361 2444 ,
1379 2386 1514 2434 modo
1532 2405 1759 2456 purpuram
1777 2392 1804 2435 l.
1835 2405 1870 2449 5.
1888 2388 1939 2434 de
1954 2406 2036 2435 re„
2082 2406 2105 2437 E

202 2455 329 2502 milit.
345 2461 388 2500 &
403 2453 532 2508 alibi,
557 2453 692 2501 modo
709 2464 898 2505 muricem
912 2458 1040 2523 ipsius
1056 2459 1083 2504 l.
1109 2476 1126 2508 1
1138 2461 1180 2507 6·
1196 2458 1247 2504 de
1260 2457 1345 2503 diu.
1364 2456 1474 2505 offic.
1505 2457 1640 2522 Qod
1651 2458 1750 2506 cum
1766 2460 1823 2505 ita
1839 2458 1888 2505 sit
1901 2489 1916 2512 ‚
1931 2457 2039 2504 dum

204 2524 428 2588 loquimur
443 2521 494 2569 de
523 2525 696 2571 Traiani
726 2543 819 2573 aeuo
837 2556 850 2581 ,
876 2527 1004 2575 verba
1030 2546 1081 2574 ex
1106 2528 1182 2574 illo
1208 2526 1360 2574 saeculo
1383 2528 1660 2593 arripiamus,
1686 2528 1750 2576 vti
1775 2528 2037 2576 Neotericus

204 2597 226 2655 (
241 2594 372 2640 nimis
385 2591 536 2658 rigide,
552 2607 599 2639 vt
614 2592 890 2657 videbimus)
911 2615 1008 2644 cum
1024 2598 1274 2645 Ciaconoin
1292 2615 1398 2644 voce
1413 2599 1544 2645 labari
1560 2597 1794 2663 expostulat
1806 2616 1819 2653 3
1832 2599 1887 2645 ita
1903 2597 2038 2650 enirn,

207 2676 257 2709 vt
272 2680 345 2728 par
360 2661 417 2708 est
432 2693 446 2716 -,
461 2662 670 2710 vocabula
695 2666 944 2730 accipiendo
959 2697 972 2722 ,
990 2668 1261 2714 inueniemus
1275 2699 1287 2722 ,
1318 2666 1434 2730 quod
1448 2666 1709 2714 adorationis
1727 2685 1812 2715 vox
1827 2698 1841 2722 ,
1855 2682 2037 2729 nequa-s

209 2732 442 2784 marmori,
470 2749 610 2797 neque
633 2736 811 2799 ingenio
828 2736 1002 2783 Traiani
1018 2738 1224 2784 conuenit
1238 2753 1250 2791 3
1266 2745 1308 2783 ὅ(
1324 2754 1376 2782 ex
1391 2737 1610 2785 Historicis
1622 2737 1764 2801 potius
1776 2735 2039 2784 contrarium

208 2802 409 2866 colligere
420 2801 517 2848 licet
528 2834 540 2845 ·
568 2804 702 2865 Qod
717 2805 833 2852 enim
850 2804 900 2851 ad
915 2805 1149 2853 Historicos
1164 2807 1338 2859 attinet,
1352 2804 1452 2853 cum
1467 2806 1573 2854 adeo
1589 2809 1611 2853 ὰ
1626 2805 1828 2855 Romanii
1842 2804 2038 2853 modera-
2071 2817 2103 2852 G

209 2873 331 2918 tione
344 2869 468 2916 fastus
482 2871 555 2918 iste
568 2872 806 2920 barbaricus
821 2874 1077 2930 abhorreret,
1091 2893 1180 2922 non
1194 2874 1398 2940 effugiffet
1411 2876 1603 2940 profedio
1618 2876 1868 2941 posteritatis
1883 2889 2035 2922 notam

211 2941 424 2988 ,Traianus
444 2971 457 2994 ,
474 2940 502 2987 fi
517 2942 566 2988 ad
584 2941 627 2988 id
640 2942 864 2991 dementiae
879 2949 1104 3010 prouectus
1118 2944 1282 3001 fuiffet3
1313 2946 1375 2992 vti
1392 2963 1467 2991 nec
1484 2948 1678 3005 Caligula
1692 2976 1705 3000 ,
1720 2963 1796 2991 nec
1816 2944 2036 2991 Domitia-

215 3027 297 3058 nus
312 3040 326 3064 ,
340 3025 417 3056 nec
433 3011 526 3074 post
539 3029 639 3058 eum
655 3015 958 3078 Heliogabalus
975 3046 989 3069 ,
1015 3016 1312 3062 Diocletianus
1328 3046 1342 3069 ,
1358 3015 1523 3079 aliacjue
1536 3014 1783 3063 huiusmodi
1798 3014 2033 3063 hominum

215 3077 402 3128 monstra
416 3076 677 3144 effugerunt,
695 3100 772 3128 nec
788 3083 1037 3149 Lampridio
1053 3083 1158 3130 adeo
1172 3101 1286 3131 noua
1300 3084 1504 3131 accidiflet
1517 3084 1792 3149 Heliogabali
1809 3081 2005 3131 vecordia
2019 3113 2034 3137 ,

219 3163 266 3215 yt
281 3151 327 3196 in
343 3150 485 3196 Seueri
499 3149 669 3199 laudem
685 3152 880 3200 testatum
896 3155 1137 3220 reliquerit,
1151 3154 1223 3220 ipse
1237 3152 1391 3202 adorari
1396 3154 1440 3219 se
1453 3163 1623 3211 vetuit,
1637 3172 1763 3223 quum
1780 3172 1861 3201 tam
1877 3153 2037 3218 coeptffet

1832 3223 1970 3269 Helio-
