2221 3512
110 236 275 267 meatus
288 228 357 269 ,ὃς
368 223 666 280 arma,plaustris
682 224 761 264 siue
775 226 892 266 carris
904 225 1106 278 impolita,
1126 231 1162 268 <Sc
1179 227 1201 269 a
1216 227 1332 268 mulis
1351 229 1389 269 δε
1406 228 1533 269 bobus
1546 230 1649 275 aaa,
1663 230 1699 272 in
1717 232 1832 274 castra
1853 234 1979 287 pei-Fe-

58 332 61 333 ⁷
113 293 259 324 runtur
272 307 286 328 ³
302 282 384 325 vsui
399 296 629 338 opportuno
645 295 825 335 tempore
842 283 1029 324 exercitui
1043 283 1174 326 futura
1189 316 1198 325 .
1230 285 1309 327 Vbi
1331 298 1529 328 carrorum
1551 286 1678 329 forma
1689 315 1700 334 ,
1716 292 1949 345 &iugorum
1961 320 1976 340 ‚

116 338 266 392 quibus
280 340 405 384 boues
419 341 469 383 ad
481 353 588 383 carra
599 341 823 381 vinciuntur
833 365 845 383 ,
867 339 1145 385 consideranda
1158 372 1168 381 .

64 401 145 444 197¹
158 406 160 409 ’
174 398 399 441 Praetoriani
412 400 555 442 milites
566 424 579 442 ,
604 400 643 439 &
658 398 825 439 Romani
841 398 1034 439 exercitus
1052 397 1173 454 signa,
1193 401 1402 442 Traianum
1417 400 1637 456 Augustum
1655 404 1696 446 in
1711 407 1794 446 acie
1807 418 1971 462 progre-

112 452 288 500 dientem
305 458 564 499 comitantur.

53 511 82 561 ἦ
142 510 203 550 (ἰῖι
218 514 350 569 Edfici
366 514 392 554 d
399 513 507 569 guifii
522 514 563 554 di
576 514 699 569 tempy'
713 538 726 559 ,
741 512 904 566 ciascuno
919 527 983 556 con
997 513 1069 556 due
1080 512 1356 569 ciprejfflpoffimo
1369 516 1809 572 raprcstntarefipolture
1824 521 1869 560 de
1883 522 1963 562 Sol-

111 568 201 615 dati
217 571 386 614 ‚Romani
399 601 410 613 .
2016 608 2017 611 ,

56 629 135 675 198
169 629 360 685 Equitum
373 629 433 671 ala
445 630 734 671 Germanorum
747 654 758 674 ‚
768 641 837 671 >aut
849 631 976 682 gentis
988 629 1151 671 alicuius
1167 629 1369 674 foederatae
1382 656 1394 675 2
1412 630 1578 673 subsidio
1597 634 1766 676 Traiano
1777 634 1958 690 Augusto
2007 624 2016 628 ⁴

106 687 347 728 venientium
359 713 369 732 2
382 689 475 730 &in
489 688 565 727 hoc
579 687 712 740 praelio
726 686 912 727 aduersus
930 689 1064 727 Dacos
1076 687 1344 741 dimicantium
1361 703 1370 730 ς
1397 691 1467 744 qui
1480 703 1550 730 nec
1567 689 1688 732 fraeno
1700 717 1712 736 ,
1730 705 1800 732 nec
1812 694 1959 748 stragu-

102 742 152 785 lis
166 744 254 785 vllis
266 745 305 787 in
318 745 533 800 equitando
545 744 1016 787 vtebantunbarbaricum
1028 748 1065 787 &
1077 746 1228 787 iacturae
1241 746 1401 799 plenum
1417 760 1567 788 morem
1580 748 1618 787 in
1630 761 1674 790 ea
1688 762 1728 790 re
1738 747 1960 805 sequentes:

104 812 245 854 vtpote
256 805 325 857 qui
340 802 455 844 facile
470 803 581 858 equis
596 803 751 845 excuti,
766 805 803 843 &
819 801 922 854 ipsos
938 804 1002 844 vix
1015 804 1302 848 continere,aut
1317 815 1453 857 regere
1465 803 1542 846 fine
1555 803 1674 846 fraeno
1690 805 1843 861 poss'ent
1853 836 1863 849 ,
2004 799 2013 802 “

45 867 133 909 ,199
166 859 369 902 Peditatus
387 862 655 902 Romanorum
671 886 682 904 ,
694 862 731 900 &
747 860 1021 900 auxiliatorum
1039 862 1236 913 equitatus
1248 887 1259 906 ,
1271 863 1405 915 copias
1426 863 1627 904 Dacorum
1644 877 1877 917 pugnantes,
1892 865 1959 909 de-

103 914 187 957 lent
204 943 216 962 ‚
242 919 377 973 paucis
392 920 461 973 qui
478 917 514 959 se
540 917 740 958 certamini
757 916 1020 958 subduxerant
1036 943 1048 962 >
1078 920 1116 958 &
1134 918 1183 959 ad
1199 920 1344 960 tutiora
1358 919 1448 963 loca
1463 918 1725 975 confugerant
1738 936 1828 964 cum
1843 921 1959 977 lignis

104 972 261 1028 aliquot
275 975 490 1017 draconum
507 1001 519 1022 2
534 973 695 1018 seruatis
707 1003 718 1014 .

50 1040 134 1070 200
166 1033 355 1075 Traianus
371 1033 531 1074 vlteriiis
548 1047 638 1073 cum
655 1034 827 1073 exercitu
844 1030 1066 1087 progressus
1078 1059 1090 1078 ‚
1106 1047 1211 1077 noua
1224 1034 1344 1078 castra
1359 1046 1540 1081 metatur,
1555 1034 1677 1090 ligna,
1692 1037 1858 1092 lapides,
1872 1050 1955 1081 are-

102 1101 191 1129 nam
203 1115 216 1134 ,
232 1091 378 1131 calcem
391 1117 403 1135 ,
418 1089 606 1132 militibus
621 1089 756 1132 sedulo
770 1089 890 1130 fabris
907 1091 1083 1141 murarijs
1099 1092 1401 1133 ministrantibus
1413 1122 1425 1130 .

46 1159 125 1188 201
159 1148 299 1201 Legati
317 1150 520 1191 Dacorum
535 1147 726 1202 supplices
741 1147 790 1188 ad
804 1147 993 1191 Caesarem
1011 1150 1171 1205 veniunt
1184 1174 1196 1193 2
1213 1151 1320 1204 pacis
1336 1149 1585 1192 conditiones
1602 1152 1863 1206 postulaturi,
1894 1155 1956 1194 in-
1998 1182 2008 1204 ·.

101 1203 311 1258 dulgentcr
326 1206 375 1247 ab
388 1205 472 1259 ipso
489 1204 650 1260 suscepti
668 1222 676 1245 τ
692 1219 734 1248 re
751 1217 880 1246 tamen
896 1204 1035 1249 infecta
1044 1205 1272 1248 discedunt.

47 1275 127 1302 202
162 1263 265 1304 Muli
282 1266 428 1305 catenis
446 1264 553 1307 aereis
570 1265 694 1316 iugati
711 1276 821 1305 carro
833 1288 844 1306 ,
861 1262 1040 1304 bellicam
1057 1265 1278 1306 machinam
1292 1263 1463 1309 vehunt.

48 1333 99 1358 20
104 1333 127 1374 3
164 1321 330 1370 Triarii,
357 1321 436 1365 hoc
461 1321 513 1362 est
524 1346 537 1366 2
565 1319 807 1363 robustiffimi
821 1320 964 1362 milites
976 1346 988 1365 2
1017 1321 1117 1362 intra
1144 1322 1490 1375 lignorumrrstrues
1518 1323 1652 1364 tandiu
1680 1323 1926 1365 consistentes
1940 1351 1954 1370 ,

97 1378 289 1432 quamdiu
305 1380 497 1421 exercitus
515 1379 691 1434 reliquus
706 1391 784 1419 non
802 1378 1088 1433 periclitaretur
1102 1405 1112 1423 ‚
1128 1392 1217 1419 cum
1235 1379 1343 1419 hoste
1356 1392 1487 1432 pugna
1502 1380 1762 1434 congrediens
1779 1410 1789 1422 .
1814 1383 1954 1434 Triari}

99 1436 205 1477 enim
221 1461 233 1480 ,
248 1449 290 1477 vt
306 1437 473 1490 requieti
489 1439 527 1478 &
542 1437 684 1489 integri
698 1435 821 1477 acrius
835 1435 1066 1477 inuaderent
1078 1437 1207 1485 hostes
1220 1462 1232 1480 ,
1259 1436 1344 1490 post
1358 1437 1512 1478 vltimas
1527 1440 1629 1479 acies
1645 1438 1778 1479 sedere
1789 1437 1952 1480 consuc-

95 1505 245 1536 uerant;
263 1492 287 1533 fi
301 1494 399 1549 quid
414 1493 515 1534 enim
531 1494 665 1548 primis
680 1492 884 1535 ordinibus
898 1491 1162 1538 accidisset,de
1175 1493 1316 1535 horum
1330 1494 1476 1535 viribus
1495 1497 1749 1549 reparationis
1766 1495 1852 1549 spes
1868 1508 1951 1541 tota

96 1550 297 1603 pendebat
311 1580 320 1590 .
361 1550 499 1600 Triarii
515 1564 685 1606 namque
699 1551 828 1604 grauis
845 1563 953 1591 erant
967 1564 1167 1594 armaturae
1184 1551 1327 1593 milites
1339 1576 1352 1595 ,
1379 1552 1642 1606 cataphractas
1660 1557 1698 1595 &
1711 1553 1867 1595 caffides
1881 1565 1951 1607 ge·
2001 1601 2007 1604 Δ

93 1607 238 1650 stantes
253 1633 267 1653 ,
294 1609 498 1653 veterani,
527 1611 564 1650 &
580 1607 755 1663 spectatae
782 1609 935 1649 virtutis
952 1633 963 1653 ‚
982 1610 1051 1663 qui
1068 1610 1153 1662 post
1166 1609 1263 1650 alios
1280 1610 1494 1651 anteriores
1506 1611 1734 1663 profligatos
1749 1623 1950 1665 pugnam)

92 1663 343 1721 capeffebant
358 1695 368 1705 .
407 1668 472 1708 Ius
488 1667 634 1708 etenim
649 1666 819 1721 legionis
834 1678 915 1706 erat
926 1692 938 1710 ,
951 1664 1066 1709 facile
1080 1679 1151 1707 nec
1166 1665 1304 1719 fugere
1315 1691 1327 1710 ,
1342 1678 1413 1706 nec
1427 1665 1559 1721 sequi,
1574 1666 1663 1708 cum
1680 1669 1810 1721 grauis
1823 1681 1949 1708 arma-

92 1735 179 1766 tura
192 1723 305 1767 staret
324 1738 397 1778 pro
421 1737 534 1765 muro
551 1753 562 1765 .
602 1725 819 1778 Lignorum
835 1722 930 1764 vero
947 1724 1064 1765 strues
1080 1723 1314 1765 fabricandis
1344 1723 1511 1766 nauibus
1539 1737 1649 1768 erant
1663 1726 1826 1780 aggestae
1839 1750 1851 1771 2
1878 1725 1946 1770 vbi

87 1781 309 1823 machinam
325 1781 463 1831 Triarij
481 1781 626 1822 habent
637 1807 648 1826 ,
663 1795 782 1836 quam
794 1782 834 1821 in
849 1781 975 1821 hostes
990 1782 1245 1836 intorqueant
1262 1810 1272 1818 -

37 1851 120 1889 204
150 1839 302 1882 Milites
317 1840 495 1883 loricati,
523 1838 692 1894 squamis
708 1841 814 1880 aercis
828 1838 951 1879 ferme
966 1841 1163 1883 contecti,
1195 1841 1234 1879 ὃ(
1251 1838 1372 1892 galeis
1399 1840 1438 1880 in
1464 1852 1608 1881 conum
1624 1840 1703 1882 fiue
1715 1839 1944 1894 cuspidem-s.
1990 1872 2000 1891 ;

89 1897 289 1950 quandam
306 1897 542 1938 abeuntibus
555 1923 567 1942 ,
584 1898 749 1940 muniti,
774 1910 944 1952 quorum
959 1898 1172 1952 imaginem
1190 1909 1268 1937 tam
1283 1896 1347 1936 hic
1363 1922 1375 1941 ,
1402 1895 1522 1951 quam
1545 1899 1584 1939 in
1598 1898 1705 1939 Arcu
1720 1899 1945 1953 triumphali

89 1954 488 2001 Constantini,adhuc
506 1956 639 1997 Romae
651 1966 983 1998 extante2cernerc
999 1956 1052 1995 est
1067 1984 1077 1992 .
1106 1956 1198 1996 Erat
1211 1966 1341 1994 autem
1356 1954 1516 2009 proprie
1527 1955 1649 1996 lorica
1660 1957 1944 1998 munimentum

92 2013 130 2051 &
148 2025 341 2053 armatura
356 2014 533 2066 corporis
545 2039 557 2057 ,
569 2015 674 2053 aereis
693 2013 817 2053 hamis
833 2025 1016 2055 contexta
1027 2038 1039 2057 ,
1053 2026 1140 2068 quae
1154 2015 1288 2067 pec'tus
1302 2038 1312 2057 ‚
1326 2011 1486 2054 brachia
1498 2038 1511 2057 ,
1527 2016 1565 2054 &
1587 2012 1738 2055 femora
1754 2013 1913 2068 tegebat
1927 2039 1941 2060 2

90 2080 134 2110 vt
153 2070 342 2124 Virgilius
361 2071 478 2111 etiam
494 2071 631 2111 docuit
646 2084 683 2121 3.
700 2069 801 2111 Aen.

372 2128 539 2168 Loricam
555 2128 756 2178 consertam
772 2127 891 2166 hamis
907 2154 918 2172 ,
935 2141 1095 2181 auroque
1111 2126 1265 2168 trilicem
1279 2156 1288 2168 .

40 2194 116 2237 205
149 2185 409 2227 Funditorum
421 2186 480 2227 ala
495 2186 672 2240 ,lapides
687 2184 818 2226 fundis
834 2187 1057 2226 iactantium
1074 2211 1086 2229 ,
1103 2199 1150 2227 cx
1166 2184 1418 2226 auxiliaribus
1433 2187 1638 2227 Germanis
1652 2212 1664 2231 ‚
1688 2187 1750 2227 vel
1764 2185 1940 2230 foedera-

89 2245 139 2286 tis
155 2243 313 2298 populis
327 2244 411 2295 alijs
426 2245 589 2285 collec‘ta
603 2272 612 2282 .
656 2243 888 2284 Funditorcs
912 2257 1042 2284 autem
1060 2242 1146 2283 sunt
1161 2269 1173 2287 ,
1196 2245 1265 2298 qui
1278 2242 1410 2283 fundis
1424 2269 1434 2287 ,
1460 2257 1508 2284 ex
1523 2243 1606 2284 lino
1618 2244 1681 2284 vel
1697 2243 1785 2284 sctis
1801 2243 1910 2286 fastis
1924 2271 1936 2291 ‚

88 2313 278 2343 contorto
293 2303 395 2342 circa
409 2315 526 2355 caput
539 2300 701 2342 brachio
718 2326 730 2344 ,
746 2301 920 2353 dirigunt
936 2300 1021 2341 saxa
1037 2329 1047 2338 .
1071 2300 1204 2341 Funda
1217 2300 1311 2341 vcro
1325 2327 1336 2344 ,
1350 2299 1460 2355 quod
1474 2314 1519 2342 ca
1530 2301 1682 2354 lapides
1695 2299 1909 2344 fundantur
1923 2328 1937 2347 ,

83 2358 188 2399 dieta
201 2387 210 2396 .
242 2358 463 2400 Balearicos
480 2358 589 2414 supra
603 2361 761 2398 cunctos
778 2359 961 2398 mortales
977 2372 1020 2398 ea
1035 2370 1117 2398 arte
1134 2356 1355 2400 excelluisse
1368 2384 1379 2402 ,
1398 2359 1531 2399 Liuius
1546 2373 1562 2397 2
1573 2362 1610 2399 8.
1626 2359 1768 2399 author
1784 2360 1848 2401 est.
1860 2362 1936 2400 Ba-

84 2417 208 2457 leares
225 2429 394 2470 namque
410 2415 581 2457 foeminae
595 2443 606 2460 ,
624 2428 667 2455 vt
682 2417 718 2454 V
722 2417 871 2467 egetius
888 2416 1021 2468 prodit
1032 2443 1044 2460 2
1058 2414 1079 2455 a
1094 2416 1236 2456 teneris
1250 2416 1470 2469 vnguiculis
1482 2417 1534 2456 ita
1551 2428 1664 2456 natos
1682 2417 1934 2461 erudiebant,

82 2483 126 2515 vt
138 2473 288 2514 nullum
302 2474 380 2513 cibi
398 2486 520 2526 genus
539 2475 767 2526 contingere
783 2472 948 2513 smerent
960 2499 971 2517 ,
996 2474 1061 2514 nifi
1076 2486 1194 2527 quem
1209 2499 1220 2517 ,
1235 2486 1282 2512 ex
1296 2473 1416 2513 funda
1430 2472 1562 2513 emisso
1578 2473 1721 2526 lapide,
1735 2474 1931 2527 percuffis-
1994 2514 1996 2516 ,

84 2530 188 2572 sent:
206 2530 309 2575 vnde
325 2530 472 2570 summa
485 2532 525 2571 in
544 2544 589 2570 ca
604 2543 684 2571 arte
698 2529 932 2572 dexteritate
951 2532 1138 2586 vigebant
1152 2561 1161 2570 .
1193 2531 1315 2588 Qod
1331 2533 1369 2572 &
1386 2531 1575 2586 Virgilius
1594 2545 1626 2571 1.
1642 2532 1931 2585 Georgicorum

83 2585 175 2629 satis
188 2589 316 2629 innuit
330 2614 342 2632 ,
358 2588 447 2628 ciim
465 2590 518 2629 ait
529 2614 541 2632 ³

367 2649 496 2698 Stupea
514 2656 739 2699 torquentem
754 2644 925 2685 Balearis
939 2641 1232 2697 verbera-funda:
1250 2675 1259 2685 .

83 2702 251 2758 proinde
279 2701 365 2743 sunt
384 2705 452 2757 qui
476 2703 694 2744 Balcarium
711 2701 923 2745 Insularum
947 2703 1186 2745 habitatores
1199 2702 1328 2744 fundae
1348 2703 1456 2744 vsum
1478 2704 1624 2758 primos
1639 2702 1825 2744 inuenisse
1837 2702 1932 2744 affe·
1987 2726 1990 2727 ν

84 2773 169 2802 rant
182 2775 192 2803 3
206 2773 446 2815 quamquam
463 2761 608 2801 Plinius
626 2761 701 2801 hoc
716 2761 820 2800 idem
832 2761 935 2814 apud
950 2761 1255 2815 Syrophoenicas
1271 2760 1375 2802 dicat
1388 2763 1592 2802 inuentum
1607 2790 1615 2798 .
1642 2761 1721 2801 Sed
1733 2763 1933 2815 antiquio-

81 2831 166 2858 rem
178 2819 261 2858 eius
277 2816 383 2858 vsum
397 2819 595 2873 Scriptura
608 2819 723 2859 Sacra
738 2818 882 2871 prodit,
894 2832 983 2858 cum
999 2833 1016 2858 2
1027 2834 1063 2856 0.
1078 2832 1162 2872 cap.
1178 2818 1268 2858 libri
1278 2818 1456 2859 Iudicum
1468 2831 1767 2862 commemoret,
1783 2818 1925 2873 septin-
1989 2840 1995 2844 ·

81 2888 223 2930 gentos
240 2877 345 2915 viros
362 2874 585 2916 fortiffimos
601 2902 612 2920 2
630 2876 869 2916 habitatores
886 2876 1037 2920 Gabaa,
1048 2877 1103 2916 ita
1118 2876 1259 2916 finistra
1274 2888 1316 2915 vt
1330 2876 1465 2917 dextra
1482 2876 1764 2930 praeliantes‚&
1780 2875 1827 2916 fic
1842 2875 1930 2917 fun-

81 2934 141 2975 dis
155 2933 306 2989 lapides
321 2934 370 2973 ad
387 2946 535 2974 certum
549 2934 750 2977 iacientes,
766 2946 808 2974 vt
821 2933 1005 2986 capillum
1019 2946 1182 2988 quoque
1197 2931 1349 2986 poffent
1363 2946 1565 2987 percutere
1577 2960 1589 2979 ,
1601 2937 1640 2974 δε
1652 2947 1930 2989 nequaquam)

78 2991 120 3035 in
136 2991 298 3032 alteram
311 3003 462 3044 partem
477 2992 573 3032 ictus
586 2991 726 3045 lapidis
743 2991 930 3030 inclinare
943 3019 952 3028 .
984 2991 1120 3031 Dauid
1133 2992 1251 3031 etiam
1272 2989 1501 3032 Israeliticus
1515 2993 1612 3036 Rex,
1623 3004 1712 3033 ante
1722 2992 1830 3045 regni
1843 2988 1927 3030 aus-

78 3048 183 3101 picia
198 3047 440 3094 adolescens,
455 3050 574 3091 ictum
591 3049 731 3102 lapidis
745 3047 767 3088 ὲ
780 3047 904 3090 funda
914 3049 968 3088 ita
983 3047 1141 3092 direxit,
1157 3060 1199 3088 vt
1209 3047 1381 3088 frontem
1394 3050 1649 3091 immaniffimi
1662 3049 1829 3104 gigantis
1842 3047 1929 3086 Go-

73 3105 173 3146 liath
185 3104 592 3162 pe1·cufferit,ipiumq;
608 3119 653 3147 ea
667 3107 729 3146 via
744 3107 998 3149 interemerit,
1007 3106 1077 3159 qui
1090 3108 1230 3146 cuncto
1241 3107 1428 3147 exercitui
1444 3105 1557 3149 Israel
1569 3106 1671 3148 solus
1684 3105 1820 3147 terrori
1831 3116 1925 3144 erat.

22 3169 104 3204 206
136 3162 214 3204 Aia
228 3162 347 3204 altera
363 3165 559 3206 auxiliaris
571 3190 584 3209 ,
601 3164 701 3205 leuis
716 3176 915 3205 armatura?
927 3188 940 3207 ,
956 3175 1094 3216 vtpote
1111 3176 1197 3217 quae
1210 3163 1359 3217 clypeis
1372 3162 1494 3206 solum
1511 3191 1524 3210 ‚
1539 3168 1578 3206 δε
1594 3165 1712 3204 clauis
1725 3173 1930 3215 pugnaret,

73 3219 255 3262 caeteriim
267 3221 371 3262 nuda
384 3223 596 3264 &inermis
615 3251 624 3261 .
666 3221 897 3262 Funditores
919 3233 1049 3261 autem
1064 3223 1102 3261 ὃ(
1118 3221 1326 3271 Ferentarij
1339 3221 1379 3261 hi
1395 3248 1407 3266 ,
1430 3223 1529 3263 leuis
1553 3233 1752 3262 armaturae
1763 3218 1931 3263 milites,

69 3276 265 3334 praecipue
276 3279 319 3323 in
334 3280 520 3325 cornibus
536 3279 770 3325 locabantur
784 3304 797 3326 >
810 3281 847 3321 ἃ
861 3278 910 3322 ab
923 3277 983 3324 his
999 3278 1202 3335 pugnandi
1213 3278 1437 3323 sumebatur
1453 3279 1658 3322 exordium
1673 3306 1682 3318 .
1706 3274 1824 3374 Redi&
1839 3276 1935 3338 yet&

1794 3345 1868 3373 mi-
