2221 3512
248 220 279 262 ti
296 244 307 263 ‚
319 228 386 261 aut
397 214 557 258 alterius
572 213 699 270 gentis
715 213 865 255 milites
878 238 890 257 2
908 213 972 255 vix
988 208 1134 268 affequi
1150 209 1301 264 possum
1316 234 1328 254 2
1342 206 1410 251 nili
1423 208 1644 251 coniectura
1659 204 1826 254 dudtus'3
1850 207 1962 264 quod
1974 212 2113 267 Hispan

254 276 314 317 nis
328 276 508 329 proprius
524 277 561 316 δι
577 273 759 325 antiquus
774 271 894 315 fuerit
909 271 996 313 talis
1013 271 1174 310 amictus
1192 271 1251 311 5&
1268 267 1380 321 quod
1395 266 1555 310 barbam
1570 267 1824 321 &capillurm
1838 279 1977 320 praeter
1990 271 2110 313 Italo-

252 345 340 375 rum
353 344 505 374 morem
525 356 537 375 ‚
554 326 779 384 promissum
798 327 980 370 habearis
996 328 1064 383 qui
1080 325 1240 367 barbam
1254 324 1467 371 radebant,
1479 326 1741 378 Imperatores
1752 325 1840 369 suos
1852 326 2001 371 imitatu
2016 343 2111 384 pro..-

255 390 459 443 lixamque
473 388 578 429 haud
589 399 742 428 comam
758 384 984 428 nutriebant
994 411 1007 427 ‚
1022 383 1144 439 vsque
1157 383 1207 426 ad
1223 394 1374 424 aetatem
1391 382 1602 427 Hadriani,
1616 383 1686 439 qui
1700 385 1848 438 primus
1863 382 2023 427 barbam
2037 401 2104 429 nu-

253 447 362 490 trinit
375 471 388 490 ‚
400 448 440 491 ὃς
454 445 639 498 deinceps
652 469 665 488 2
680 455 723 488 vt
740 455 789 482 ex
802 441 985 485 vniuerfis
1003 442 1247 495 antiquitatis
1265 442 1529 483 monumentis
1546 441 1747 496 colligitur
1762 470 1773 480 .
1808 442 1855 483 In
1869 439 1976 484 Arcu
1994 445 2108 489 etiam

253 503 435 557 Septimij
448 503 583 545 Seueri
596 527 608 545 2
626 501 695 556 qui
706 500 834 543 adhuc
849 500 888 542 in
901 499 1011 542 Vrbe
1021 499 1070 543 ad
1085 498 1235 541 radices
1250 497 1439 551 Capitolii
1451 497 1673 551 perseuerat
1685 524 1697 542 2
1714 497 1876 554 Hispani
1887 499 2029 543 milites
2040 515 2107 544 eo-

252 560 344 603 dem
360 559 511 603 habitu,
531 558 665 602 barba,
682 560 719 599 δε
733 557 877 610 capillo
890 554 1062 598 visuntur
1080 585 1090 597 .
1122 556 1251 597 Durat
1264 567 1395 599 autem
1413 555 1533 596 hodie
1548 555 1611 597 hic
1628 555 1785 599 habitus
1799 556 1903 612 apud
1917 556 2107 613 Hispanos

252 632 333 659 non
347 616 470 661 solum
481 641 493 660 ‚
512 614 577 657 sed
593 618 632 659 ὅ(
648 615 741 655 alias
752 615 883 671 plures
897 615 1075 655 nationes
1092 628 1101 656 ς
1120 612 1280 656 breuior
1295 625 1424 655 tamen
1440 637 1452 657 ,
1481 626 1570 655 nam
1586 613 1763 668 prolixus
1778 614 1842 657 hic
1857 614 1897 658 in
1912 615 2108 662 Columna

252 674 421 728 scalptus
440 699 453 718 ‚
472 671 596 717 solum
609 670 797 714 Lufitanis
808 672 848 712 in
863 669 929 712 vsu
947 671 1096 714 existit,
1110 669 1173 711 vel
1189 669 1277 713 cum
1293 671 1332 711 in
1346 670 1450 713 lustu
1468 671 1634 724 gestatur
1649 699 1658 710 .
2086 667 2088 670 ’

200 745 276 786 245
311 730 473 787 Aquila,
489 730 657 785 legionis
672 730 783 771 vnius
793 727 957 783 signum,
973 741 1092 783 quam
1109 725 1236 770 secum
1254 740 1301 769 ex
1318 727 1427 768 Vrbe
1443 729 1632 770 Traianus
1648 727 1845 785 Augustus
1862 728 2119 785 proficiscens

255 788 471 830 abduxerat
485 813 498 835 ‚
516 800 654 842 praeter
668 786 742 826 alia
755 786 836 826 duo
852 811 864 829 s
881 799 966 839 quae
983 785 1275 828 auxiliariorum
1291 786 1646 827 videnturcxistcre
1665 815 1675 825 .
1705 786 1856 827 Milites
1871 799 2002 830 autem
2021 782 2123 831 sua-,³

256 846 376 900 figna,
391 848 430 886 δε
448 845 628 899 proprios
643 843 776 887 duces,
791 842 930 883 ordine
944 842 1120 897 quodam
1134 842 1630 898 pi-ocedentcs2sequuntur
1646 872 1656 883 .

212 910 292 956 246
323 902 558 944 Sacerdotes
574 902 650 947 ritu
665 899 844 942 succincti
859 898 1018 941 Gabino
1030 925 1042 945 ‚
1075 898 1237 942 Caesaris
1254 901 1466 940 exercitum
1479 899 1790 955 proficiscentem
1811 914 2020 958 parumper
2034 915 2104 945 co·
2163 899 2167 901 ”

257 962 445 1002 mitantur
456 984 468 1003 ‚
483 957 785 1012 supplicationes
801 956 961 1011 agentes
971 983 983 1001 2
997 959 1035 997 &
1049 955 1276 999 felicitatem
1292 957 1366 997 illis
1379 958 1638 1010 imprecantes
1648 987 1658 997 .
2118 954 2120 957 ’

203 1031 284 1068 247
316 1018 539 1074 Equitum,
557 1015 775 1069 peditatum
789 1014 1048 1056 antecedens:
1065 1027 1235 1069 quorum
1253 1028 1350 1055 vnus
1366 1014 1812 1069 labarum‚1mperat0ris
1824 1015 1933 1058 vehit
1951 1014 2114 1072 insigna*

206 1079 284 1126 248
319 1076 481 1128 Iazyges
496 1099 509 1117 ,
525 1075 564 1114 &
575 1073 656 1113 211·ae
672 1084 808 1125 gentes
833 1072 954 1112 Dacis
967 1069 1137 1112 finitimae
1154 1098 1167 1116 ‚
1187 1073 1356 1112 Traiano
1374 1071 1598 1113 aduentanti
1613 1085 1847 1118 occurrunt,
1873 1074 2110 1127 gratulanter

258 1132 460 1187 excipiunt
475 1156 487 1175 ,
503 1129 621 1184 seque
637 1142 705 1183 pet
723 1130 802 1171 vim
817 1129 950 1183 propri
955 1130 987 1180 js
1004 1127 1159 1170 sedibus
1175 1127 1197 1172 a
1215 1130 1420 1170 Decebalo
1436 1129 1678 1174 exturbatos,
1689 1131 1941 1185 grauiterque
1951 1130 2112 1172 mulcta-

257 1202 321 1232 tos
337 1215 350 1233 2
363 1187 473 1243 quod
489 1188 698 1228 amicitiam
714 1187 855 1241 Populi
874 1187 1041 1228 Romani
1061 1185 1318 1241 sequerentur
1331 1212 1343 1231 2
1369 1199 1665 1242 conqueruntur
1681 1203 1690 1226 ε
1708 1186 1915 1230 vlciscatur
1927 1187 2115 1242 proinde)

259 1257 511 1287 communem
523 1245 703 1288 iniuriam
719 1243 963 1298 expostulant
974 1259 984 1286 ς
996 1243 1114 1300 seque
1125 1243 1251 1284 socios
1269 1244 1362 1285 belli
1375 1243 1543 1287 futuros,
1554 1257 1899 1300 commeatumque
1913 1245 2115 1289 exercitui.

260 1302 452 1359 quantum
467 1315 594 1344 rerum
612 1300 763 1342 suarum
779 1300 952 1356 angustia
967 1312 1166 1355 pateretur
1177 1326 1190 1346 ,
1207 1314 1410 1344 curaturos
1423 1300 1661 1355 pollicentur
1673 1332 1682 1340 .
1707 1303 1862 1343 onres
1874 1313 2004 1344 autem
2016 1305 2054 1343 &
2068 1299 2118 1343 fi-

260 1362 337 1402 lios
364 1359 494 1401 secum
519 1359 692 1402 ducunt,
718 1370 762 1400 vt
788 1360 976 1401 maiorem
989 1356 1130 1400 Caesari
1147 1358 1431 1400 miserationem
1446 1371 1726 1401 commoneant
1744 1387 1754 1398 .
1789 1362 1973 1415 Qorum
1987 1356 2116 1401 Caesar

263 1417 440 1460 misertus
454 1442 467 1461 ‚
480 1417 584 1459 votis
595 1416 752 1458 illorum
765 1428 933 1458 annuere
947 1442 958 1459 ,
969 1419 1007 1457 δε
1023 1416 1174 1457 animos
1190 1414 1255 1470 spe
1267 1414 1489 1456 futurorum
1505 1416 1655 1471 erigere
1669 1416 1823 1457 videtur
1837 1442 1848 1460 >
1862 1415 1952 1457 cum
1964 1415 2116 1458 bellum

262 1475 302 1517 se
325 1474 460 1517 tandiu
489 1476 742 1514 cruentum&
757 1473 1004 1527 implacabile
1026 1473 1214 1514 aduersus
1236 1475 1368 1513 Dacos
1394 1473 1588 1527 gesturum
1613 1471 1802 1518 affirmet,
1821 1472 1996 1527 quandiu
2010 1470 2116 1527 ipsos

264 1533 403 1574 iniuria
416 1529 574 1574 affectos
586 1556 597 1574 ‚
613 1531 650 1571 in
666 1532 846 1585 antiquas
862 1533 901 1571 δε
917 1532 1040 1571 auitas
1058 1529 1167 1572 sedes
1184 1532 1357 1571 restituat
1370 1560 1379 1569 .

218 1605 298 1643 249
333 1588 569 1634 Caesar‚ante
581 1587 752 1629 hostium
769 1587 1028 1643 congressum,
1047 1588 1134 1638 Dijs
1153 1587 1335 1631 sacrificia
1350 1586 1457 1632 facit,
1473 1600 1605 1643 patera
1618 1613 1629 1631 2
1647 1587 1873 1641 superatam
1885 1588 1977 1642 igne
1992 1584 2122 1628 calen-'

268 1659 349 1688 tem
367 1673 379 1691 ,
394 1648 528 1687 vinum
541 1645 668 1686 libans
686 1670 698 1691 2
714 1647 752 1686 &
768 1643 991 1701 sanguinem
1008 1646 1170 1688 vidtimae
1183 1672 1196 1692 2
1216 1647 1279 1688 cui
1300 1646 1393 1688 astat
1409 1646 1513 1697 tibijs
1526 1646 1711 1685 occinens
1724 1671 1737 1691 2
1766 1648 1805 1690 &
1819 1645 2012 1688 Camillus
2028 1655 2117 1686 cum
2142 1643 2144 1645 ’

267 1704 393 1747 thuris
422 1715 579 1745 acerra,
591 1732 602 1743 .

220 1782 240 1810 2
251 1776 267 1813 ς
277 1778 300 1802 0
331 1761 450 1806 Tauri
465 1760 623 1815 plurimi
636 1759 687 1802 ad
700 1772 784 1803 aras
797 1785 810 1805 2
830 1759 943 1816 super
958 1773 1056 1814 quas
1078 1758 1192 1803 focus
1222 1759 1402 1801 accensus
1416 1786 1428 1805 ³
1453 1758 1645 1802 malet-andi
1670 1758 1916 1814 perferuntur
1943 1756 1965 1800 ὲ
1995 1757 2119 1813 Popis

271 1821 382 1860 lauro
414 1819 612 1859 coronatis
629 1846 638 1857 .

219 1892 294 1929 251
331 1877 449 1917 Scuta
464 1875 637 1917 militum
653 1900 665 1919 ,
686 1874 813 1917 forma
831 1876 979 1917 caeteris
1000 1873 1208 1918 absimilia,
1234 1876 1368 1917 tandiu
1393 1888 1440 1914 ex
1466 1875 1606 1915 arbore
1631 1874 1843 1927 pendentia
1869 1870 2120 1921 deseruntur}

269 1933 445 1989 quandiu
459 1933 586 1974 castris
605 1933 824 1975 muniendis
839 1934 995 1977 intenti,
1005 1930 1121 1986 penso
1136 1931 1301 1987 quisque
1313 1931 1381 1972 suo
1393 1930 1588 1976 absoluto,
1606 1930 1776 1973 resumit.

219 2008 263 2043 25
277 2007 295 2034 2
332 1990 558 2032 Castrorum
575 1992 740 2031 munitio
753 2017 766 2035 2
789 2003 933 2045 aggere
949 1989 1216 2043 fitcongesto,
1244 1988 1339 2030 fossa
1356 1991 1432 2030 lata
1445 2015 1457 2033 ,
1480 1990 1668 2043 valloque
1693 1987 1838 2029 circum
1856 1985 2039 2041 disposito
2054 2012 2066 2032 ,
2080 1988 2119 2028 δε

279 2047 404 2104 probe
421 2046 574 2087 firmato
591 2075 601 2085 .
630 2045 738 2087 Fossa
754 2061 882 2088 autem
897 2073 908 2091 ,
924 2048 949 2087 fi
967 2048 1024 2087 vis
1040 2048 1164 2088 acrior
1175 2047 1342 2087 hostium
1357 2049 1578 2087 immineret
1592 2072 1603 2089 2
1627 2045 1839 2086 duodecim
1855 2044 1976 2099 pedes
1991 2045 2091 2085 lata*
2106 2069 2121 2088 2

278 2106 466 2146 tredecim
483 2103 678 2157 profunda
694 2103 769 2145 effe
782 2103 931 2146 solebat
946 2134 955 2143 .
991 2106 1115 2159 Supra
1130 2117 1249 2158 quam
1267 2103 1377 2144 siides
1397 2105 1446 2143 de
1463 2104 1579 2160 lignis
1605 2101 1811 2143 fortiffimis
1825 2127 1838 2147 ‚
1860 2116 1958 2157 quas
1979 2101 2120 2144 milites

274 2175 430 2218 portare
446 2159 753 2206 consueuerant,
767 2161 1067 2216 praefigebaittur
1082 2190 1092 2199 .
1123 2161 1188 2202 Ad
1200 2162 1310 2217 quod
1327 2176 1426 2216 opus
1441 2188 1451 2205 ,
1464 2162 1637 2215 ligones,
1653 2160 1780 2205 rastra,
1793 2160 1955 2215 qualos,
1968 2158 2123 2212 aliaque

273 2220 492 2261 vtenfilium
507 2230 648 2272 genera
665 2245 675 2261 .
690 2218 838 2273 semper
858 2218 1058 2260 habebant
1072 2220 1111 2258 in
1125 2231 1309 2273 promptu
1328 2249 1338 2258 .

223 2294 243 2318 2
254 2291 269 2327 ς
281 2291 301 2329 3
339 2278 553 2329 Lignorum
569 2275 700 2320 caefio2
715 2275 855 2318 secatio
867 2302 878 2321 >
893 2280 931 2317 ὃ(
948 2277 1210 2330 comportatio
1223 2302 1234 2322 ‚
1249 2289 1392 2330 aggere
1404 2301 1416 2320 2
1431 2272 1582 2321 fofl'a2&
1592 2274 1698 2315 vallo
1714 2275 1920 2315 castrorum
1934 2269 2126 2314 munitio}

222 2352 239 2375 2
253 2349 303 2386 54
335 2334 513 2375 Castrum
530 2357 542 2376 ,
576 2333 639 2373 vel
663 2334 754 2374 vrbs
778 2334 909 2388 aliqua
932 2332 1175 2373 munitiffima
1199 2359 1211 2378 ‚
1248 2334 1296 2374 ad
1317 2346 1436 2388 quam
1464 2332 1680 2387 praefidium
1706 2332 1875 2372 militum
1899 2328 2127 2370 Decebalus

276 2392 420 2435 mittit,
443 2391 511 2444 qui
531 2389 636 2429 illam
659 2390 843 2432 aduersus
870 2392 1069 2431 Romanos
1083 2389 1450 2433 fortite1·tueantur;
1477 2393 1515 2431 &
1528 2389 1577 2430 ad
1589 2402 1707 2444 quam
1721 2414 1733 2434 2
1744 2401 1814 2428 ceu
1829 2386 2025 2443 refugium
2039 2385 2125 2426 vni-

283 2462 371 2489 cnm
385 2473 397 2492 ,
414 2448 516 2487 Daci
528 2448 566 2486 in
579 2445 799 2488 discrimine
809 2446 922 2502 pofiti
935 2446 1150 2500 confugere
1159 2446 1300 2502 poffint
1311 2475 1322 2493 ‚
1335 2449 1501 2502 proptiae
1514 2446 1625 2489 saluti
1635 2444 1848 2487 consulturi
1863 2474 1874 2484 .

225 2522 243 2548 2
257 2520 272 2557 ς
285 2519 301 2555 5
339 2504 466 2546 Caesar
478 2504 566 2545 loca
576 2517 744 2560 quaeque
757 2507 907 2547 munita
921 2516 1134 2559 expugnat,
1150 2506 1188 2545 vi
1201 2507 1306 2559 capit
1316 2531 1327 2550 ‚
1342 2507 1381 2545 in
1398 2505 1525 2547 hostes
1536 2503 1656 2549 satuit,
1668 2504 1818 2557 ingenti
1835 2515 1905 2544 eos
1921 2499 2032 2545 clade
2046 2497 2126 2545 affi-

281 2575 387 2604 ciens
404 2588 418 2602 .

229 2639 247 2662 2
259 2633 274 2670 5
285 2625 308 2660 6
341 2620 533 2663 Romani,
545 2619 778 2660 munitiores
792 2630 927 2664 natura
944 2619 1066 2661 colles
1079 2644 1091 2664 ‚
1109 2618 1230 2660 Dacis
1244 2618 1504 2661 resistentibus
1519 2646 1532 2666 ‚
1549 2629 1826 2674 praeoccupant
1839 2644 1852 2663 ,
1882 2614 2129 2673 tripliciquea'

283 2691 396 2717 muro
407 2690 476 2731 per
487 2676 689 2716 interualla
704 2675 889 2730 disposito
907 2703 919 2721 ,
944 2678 1047 2718 viam
1061 2676 1139 2716 illis
1155 2677 1324 2717 nocendi
1339 2678 1544 2719 obstruunt
1558 2703 1569 2721 ,
1599 2688 1683 2718 tuta
1701 2672 1738 2717 se
1753 2676 1915 2716 statione
1928 2674 2104 2717 locantes
2115 2701 2130 2714 .

287 2735 388 2774 Daci
417 2746 546 2775 autem
569 2734 790 2773 acinacibus
813 2746 989 2787 pugnant
1004 2759 1016 2778 2
1032 2733 1171 2787 gladiis
1196 2735 1356 2787 inquam
1373 2733 1506 2779 versus
1531 2732 1731 2787 cuspidem
1747 2733 1929 2778 intortis,
1951 2744 1995 2774 vt
2010 2729 2128 2774 Persae

283 2792 376 2830 olim
390 2817 402 2835 ,
418 2795 456 2831 δε
472 2790 609 2834 Medi,
627 2804 727 2830 nunc
745 2791 841 2831 vero
855 2793 993 2832 Turcae
1011 2803 1170 2831 Vtuntur
1182 2819 1193 2828 .
1233 2794 1323 2831 Pars
1340 2804 1470 2832 autem
1485 2792 1652 2834 militum
1667 2802 1838 2844 pugnat;
1855 2788 2131 2844 pars‚summa..

283 2861 372 2887 cum
390 2847 634 2888 festinatione
649 2873 661 2892 2
676 2849 926 2890 munimentis
941 2847 1189 2889 castrensibus
1205 2847 1453 2893 absoluendis
1468 2846 1638 2890 intendit
1653 2873 1665 2890 2
1682 2848 1805 2889 Dacis
1819 2847 1868 2889 eo
1882 2847 1961 2890 loci
1970 2859 2040 2901 per
2051 2846 2131 2892 vim

288 2905 501 2946 exturbatis
517 2933 527 2944 .

237 2975 316 3011 :57
350 2962 540 3002 Traianus
558 2961 754 3019 Augustus
773 2975 895 3018 eques
912 2988 924 3008 2
948 2961 1092 3005 milites
1108 2962 1220 3008 suos,
1247 2974 1290 3007 vt
1308 2963 1482 3005 hostibus
1504 2964 1721 3018 profligatis
1749 2959 1992 3016 praepropere
2019 2961 2134 3005 loca.»

287 3019 436 3061 munita
450 3031 646 3071 occupent
669 3044 681 3064 2
698 3020 873 3073 reliquos
886 3031 930 3062 vt
944 3033 1032 3059 cum
1045 3017 1290 3065 festinatione
1305 3022 1481 3075 incoepta
1493 3022 1735 3063 munimenta
1748 3018 1950 3065 absoluant
1964 3042 1977 3061 2
1992 3019 2137 3059 adhor-

287 3088 412 3116 tatur:
428 3073 595 3118 sublidio
611 3089 700 3116 cum
714 3076 869 3133 reliquo
882 3078 1075 3133 equitatu,
1087 3079 1354 3137 pugnantibus
1368 3076 1554 3121 aduersus
1575 3079 1711 3119 Dacos
1727 3078 1930 3120 Romanis,
1942 3088 2138 3131 opportu-

289 3132 456 3173 nissimus
473 3132 687 3173 adueniens
702 3160 712 3170 ,
2005 3133 2007 3135 ’

238 3205 258 3229 2
272 3193 320 3236 58
355 3190 470 3230 Miles
488 3190 687 3234 Romanus
705 3187 841 3234 foss'am
856 3190 1003 3236 faciens
1014 3218 1027 3239 ,
1049 3195 1176 3237 caeteri
1192 3193 1299 3250 ligna
1313 3194 1479 3241 caedunt,
1496 3193 1626 3240 secant
1639 3219 1650 3238 ³
1666 3191 1761 3237 sessta
1776 3192 1816 3234 in
1828 3190 1947 3237 castra.
1962 3191 2135 3231 munim-

290 3248 340 3288 tia
361 3259 610 3305 comportant
623 3275 633 3289 .

1852 3318 1933 3360 259
1966 3308 2086 3349 Vete-
