2221 3512
276 203 411 270 DE
497 205 1125 270 EMISSARIO
1216 203 1613 271 FVCINI
1697 227 1818 293 401

20 336 42 371 'i
81 319 211 369 'storia
238 323 314 370 vix
341 327 421 375 IV.
444 325 624 389 paginas
651 326 827 389 impleat
843 359 854 371 .
892 326 1017 374 Adde
1046 330 1173 374 etiam
1190 358 1204 383 ,
1229 327 1349 392 quod
1378 330 1591 394 praecipua
1619 337 1663 377 Sc
1689 327 1913 377 sollemnis

82 392 250 439 Dionis
265 392 449 440 clausula
463 391 630 450 deficit,
645 396 952 462 perstringendi
967 399 1013 443 in
1032 395 1117 444 fine
1136 398 1233 444 libri
1258 415 1396 445 annos
1415 401 1547 446 aetatis
1562 406 1606 446 Sc
1620 399 1793 463 Imperij
1807 432 1818 442 .
1850 403 1907 447 Et

80 459 261 509 demum
277 492 291 518 ‚
308 462 428 527 quod
440 479 622 512 omnem
636 464 956 513 dubitationem
971 466 1164 514 Tenedia
1182 467 1370 531 quadam
1387 466 1518 516 securi
1535 467 1736 534 praecidit,
1748 470 1775 516 si
1791 473 1915 533 prio,

76 547 169 583 rem
183 531 303 578 illam
319 546 506 598 partem,
529 551 664 599 quam
680 536 842 583 Dionis
859 534 934 582 else
956 535 1155 589 dicimu53
1170 554 1272 583 cum
1289 538 1505 602 Xiphilini
1532 539 1737 601 Epitome
1754 537 1902 585 confe-

74 617 167 657 ras,
181 601 290 649 hanc
307 601 550 652 breuiorem
565 635 583 660 3
595 604 828 661 concisam,
841 620 970 670 atque
984 622 1033 652 ex
1049 606 1322 670 locupletiori
1340 606 1466 654 rebus
1485 607 1581 672 ipfis
1596 616 1639 655 ὃς
1653 609 1792 657 verbis
1808 625 1920 657 ora-2

75 672 197 721 tione
211 687 457 739 excerptam
473 672 667 722 fateberis
683 693 695 722 ε
712 675 913 724 vltimam
929 676 1031 723 vero
1044 706 1058 729 ,
1074 675 1258 724 totidem
1274 676 1414 724 verbis
1427 678 1472 724 in
1489 676 1717 742 xiphilino
1731 693 1871 726 extare
1883 709 1899 734 ‚

77 749 121 790 δέ
136 759 239 790 cum
265 743 356 790 eius
378 745 586 809 Epitome
614 744 666 791 ad
684 759 876 810 vnguem
890 744 1130 792 coincidere
1155 763 1167 792 ε
1196 760 1243 794 vt
1271 760 1495 810 propterea
1520 747 1799 795 certiffimum
1825 748 1872 795 sit
1888 778 1905 803 ,

74 812 240 874 Dionis
254 829 403 878 panno
421 812 577 881 (culpa
594 817 803 880 temporis
818 846 831 871 ,
847 823 890 862 &
907 814 1118 862 Barbariei
1138 832 1236 879 quae
1252 818 1297 862 in
1313 816 1454 863 literas
1469 815 1601 878 saeuijt
1616 820 1635 878 )
1651 817 1872 864 deficiente
1886 848 1903 874 ,

74 897 124 931 vt
148 883 252 930 Vita
266 883 436 943 Claudij
467 886 837 951 qualitercumque
856 884 1232 950 complementum
1244 886 1447 950 acciperet
1460 916 1475 941 3
1502 900 1735 935 centonem
1749 888 1923 953 Xiphi-*z

77 953 154 1003 lini
179 950 361 1001 affutum
384 953 540 1003 fuifl'e..
557 991 570 1007 .

91 1059 93 1061 .
142 1023 382 1087 Deperdito
396 1037 540 1071 autem
561 1026 712 1073 Dione
726 1058 741 1082 ‚
754 1023 937 1071 minime
953 1025 1099 1072 mirari
1112 1023 1319 1073 debemus
1330 1057 1344 1081 3
1362 1025 1650 1088 praeteritama
1666 1025 1903 1090 Xiphilino

75 1093 213 1140 Lacus
227 1094 273 1139 in
293 1094 427 1141 Lirim
443 1092 621 1141 deriuati
640 1096 898 1149 narrationes
915 1093 967 1140 ab
982 1094 1584 1161 eo3inquam3X1philin03qui
1601 1112 1680 1143 nec
1698 1099 1904 1161 priorem,

32 1179 42 1214 ι
75 1163 331 1210 intentatam
349 1166 392 1209 in
408 1163 604 1211 Tiberim
618 1195 632 1219 ,
663 1165 686 1210 ὲ
703 1166 849 1211 Dione
864 1166 939 1210 arri
943 1166 1066 1228 puit.
1109 1168 1164 1212 Et
1177 1167 1405 1230 postquam
1424 1166 1580 1213 iterum
1596 1166 1677 1212 hoc
1706 1166 1903 1225 Cluuerij

75 1232 199 1280 vlcus
216 1234 434 1297 tetigimus
452 1251 464 1288 3
493 1232 764 1284 ostendamus
780 1234 841 1280 illi
858 1264 871 1287 ‚
888 1251 978 1280 non
995 1237 1079 1281 iam
1089 1250 1161 1299 per
1164 1234 1376 1300 fiexaginta
1389 1232 1752 1299 amplitispaffimm
1771 1237 1904 1282 millia

71 1319 195 1369 aquas
210 1305 360 1350 Fucini
373 1301 659 1368 effundendas,
686 1320 741 1351 tot
756 1303 957 1371 tantisq‘ue
974 1303 1207 1370 obstantibus
1224 1313 1420 1352 montium
1435 1312 1539 1368 iugis
1556 1321 1570 1358 3
1599 1303 1667 1350 sed
1683 1306 1817 1370 plano
1832 1306 1905 1353 iti-

71 1388 189 1425 nere,
202 1388 281 1418 nec
294 1371 475 1419 totidem
492 1371 628 1433 stadiJs
641 1372 819 1420 emenlis
835 1404 848 1427 3
863 1375 908 1418 in
928 1374 1119 1420 Tiberim
1134 1390 1204 1420 eas
1216 1374 1393 1421 influere
1407 1372 1586 1437 potuisse
1601 1405 1614 1417 .

87 1476 94 1481 -
143 1444 304 1489 Lacum
322 1445 532 1490 Fucinum
548 1460 639 1490 non
653 1444 712 1489 ita
736 1456 942 1507 perpetuo
959 1444 1063 1507 iugo
1076 1457 1249 1490 montes
1262 1443 1487 1498 ambiunt,
1520 1450 1564 1490 δε
1584 1442 1720 1492 veluti
1736 1441 1914 1492 coronal

20 1566 21 1570 η
72 1510 264 1576 quadam
280 1511 531 1560 inumbrant
542 1544 556 1568 ,
584 1513 693 1578 quin
719 1512 742 1557 a
770 1512 898 1558 latere
911 1511 1183 1560 Occidentali
1199 1513 1424 1577 planitiem
1450 1511 1547 1560 satis
1574 1512 1764 1578 amplam
1778 1512 1919 1561 telin-‚2

32 1605 53 1632 ι,
71 1594 235 1644 quant,
265 1584 491 1629 Palentinos
506 1600 659 1648 campos
674 1582 893 1647 appellant
907 1612 922 1635 ,
952 1581 1026 1628 vbi
1041 1599 1187 1648 pugna
1202 1584 1312 1629 inter
1337 1582 1550 1630 Carolum
1562 1586 1598 1631 Ι..
1611 1582 1916 1647 ΑΠόεςευεῃέ-,

18 1655 23 1660 ’
69 1650 160 1700 sem
185 1659 229 1698 ὃ(
246 1650 537 1699 Corradinum
554 1655 744 1698 Sueuurn
760 1649 981 1699 commissa
995 1651 1079 1699 fuit
1091 1683 1107 1707 3
1130 1653 1176 1699 in
1193 1650 1279 1718 qua
1309 1653 1436 1700 huius
1452 1653 1561 1699 vires
1575 1654 1746 1717 penitus
1764 1650 1905 1698 accisa:

25 1742 27 1745 ·
68 1719 362 1769 remanserunt
376 1754 387 1766 .
418 1722 670 1769 Palentinos
682 1720 806 1768 hosce
821 1739 1015 1787 campo&
1028 1723 1200 1778 fluuius,
1211 1724 1350 1770 Saltus
1365 1721 1518 1777 dictus,
1532 1723 1722 1787 (nouum
1738 1735 1908 1787 Vtrum-7

72 1807 158 1855 que
174 1797 357 1851 nomen)
374 1793 565 1839 interluit
581 1811 594 1848 3
608 1792 684 1857 qui
699 1808 774 1856 per
789 1808 860 1838 eos
876 1790 1108 1856 serpen83&
1124 1792 1147 1837 εὶ
1165 1792 1265 1838 loco
1279 1791 1358 1839 suae
1377 1794 1552 1857 originis
1566 1791 1714 1858 primo
1733 1794 1908 1848 Lacum,

71 1869 114 1908 ὃ(
133 1862 363 1909 Orientem
391 1861 525 1908 solem
541 1860 765 1927 respiciens
777 1891 791 1916 ‚
819 1861 1122 1927 postmodum,
1153 1861 1227 1908 vbi
1243 1861 1294 1908 ad
1309 1863 1506 1927 quinque
1521 1862 1721 1911 milliaria
1736 1860 1907 1912 eidem,

71 1931 541 1995 appropinquat,(male
556 1931 807 1980 l-lolstenius
822 1930 874 1978 ad
892 1932 1066 1982 Cluuer.
1080 1949 1178 1997 pag.
1197 1943 1311 1991 765.
1327 1933 1403 1978 lin.
1421 1949 1496 1981 21.
1513 1931 1566 1979 ad
1581 1934 1658 1979 tria
1672 1932 1905 1997 restringit)

25 2026 27 2028 ·
43 2033 47 2037 Α
72 2001 353 2066 placidissime
367 2002 517 2048 accliui
532 2000 624 2049 solo
636 2004 746 2049 nein
762 2002 958 2050 vicinum
973 2004 1134 2050 Lacum
1147 2001 1376 2049 inuehatur
1388 2002 1720 2067 impediente3ad
1735 2002 1911 2057 laeuam,

72 2079 116 2118 ἔς
138 2072 584 2136 Septentriones,quin
602 2073 730 2121 etiam
749 2070 800 2119 ad
813 2085 986 2119 acutum
1003 2073 1213 2137 angulum
1231 2069 1283 2116 ad
1297 2075 1490 2119 Caurum
1506 2074 1669 2137 vergit,
1696 2071 1809 2119 vnde
1824 2074 1905 2119 im.

74 2141 283 2189 Velinum
296 2139 336 2187 se
357 2158 558 2189 exonerat
574 2174 585 2186 .
618 2141 824 2206 Cumque
840 2142 1022 2190 Velinus
1038 2144 1085 2188 in
1103 2145 1269 2190 Narem
1281 2172 1294 2194 3
1311 2141 1383 2187 iste
1397 2143 1442 2188 in
1465 2141 1660 2189 Tiberim
1676 2141 1905 2192 deferatur:

18 2216 27 2240 ’·
74 2213 220 2276 potuit
237 2210 446 2260 Claudius
470 2212 523 2259 de
539 2211 619 2259 ha‘ic
641 2214 871 2259 emiiiione
894 2214 1010 2258 iuxta
1039 2212 1236 2258 Dionem
1255 2210 1479 2276 cogitasse,
1505 2219 1549 2258 &
1576 2213 1621 2257 in
1640 2210 1688 2258 eii
1713 2210 1910 2275 sumptus

77 2287 190 2342 (non
207 2295 352 2328 tamen
369 2281 531 2329 multos
547 2312 560 2337 3
588 2298 665 2328 nec
691 2284 833 2328 multo
849 2295 1044 2346 tempore
1059 2312 1073 2335 ,
1099 2284 1200 2346 quia
1214 2283 1306 2327 Dio
1320 2283 1402 2327 hoc
1416 2298 1510 2328 non·
1523 2282 1650 2340 dicit,
1681 2298 1759 2327 nec
1775 2282 1902 2330 irritae

74 2349 163 2416 spei
181 2351 358 2414 vestigia
375 2352 460 2399 vlla
473 2354 682 2416 manent)
702 2352 850 2398 inanes
866 2352 925 2397 im
930 2349 1116 2415 pendiffe
1128 2383 1140 2394 .
1877 2344 1886 2351 ⁴

144 2419 264 2482 Qid
291 2434 436 2468 tamen
466 2420 699 2469 Claudium
728 2421 779 2467 ab
794 2422 876 2468 hoc
890 2422 1088 2487 incoepto
1104 2422 1320 2469 retraxerit
1333 2451 1346 2474 3
1377 2420 1587 2468 incertum
1608 2419 1663 2467 est
1681 2439 1692 2468 :
1711 2437 1762 2466 an
1789 2418 1907 2466 librae

73 2491 184 2537 male
198 2491 427 2554 exploratae
443 2489 806 2553 impedimentum
820 2522 833 2547 >
847 2508 1005 2556 nempe
1021 2492 1124 2556 quia
1139 2492 1284 2537 alueus
1297 2489 1423 2553 ipfius
1443 2492 1582 2538 Saltus
1600 2491 1724 2535 altior
1741 2494 1827 2538 ima
1845 2491 1911 2537 uel

73 2559 207 2609 medici*
224 2562 356 2606 Lacus
372 2574 487 2623 parte
502 2559 631 2609 fuerit
644 2592 661 2616 ,
675 2575 723 2609 vt
737 2576 860 2626 putat
871 2561 1146 2608 Holstenius:
1167 2578 1219 2606 an
1237 2561 1341 2624 quia
1361 2562 1431 2623 (vt
1449 2564 1563 2609 Tute
1578 2558 1730 2606 Iacobe
1746 2561 1911 2607 CAN-

73 2631 272 2678 TELMI
300 2631 575 2679 Illustriffime
591 2629 859 2696 suggeffisti)
886 2633 991 2679 vicit
1014 2624 1397 2677 confideratsoncm
1429 2631 1620 2679 Vtilitatis
1632 2661 1646 2685 3
1675 2628 1760 2694 qua
1779 2629 1909 2676 Tibe-

74 2702 130 2747 ris
158 2701 321 2747 auctior
338 2707 379 2747 &
395 2699 531 2765 magis
544 2701 800 2765 nauigabilis
818 2699 1078 2748 efficiebatur
1094 2718 1107 2755 3
1135 2700 1216 2746 alia
1229 2730 1243 2753 3
1259 2700 1426 2747 vitandi
1440 2698 1781 2747 inundationum
1799 2699 1913 2764 peri-J

75 2770 191 2828 culi,
218 2771 428 2817 contraria
444 2769 612 2835 prorsus
630 2769 927 2836 disceptationi
958 2772 1019 2818 illi
1050 2769 1127 2816 sub
1156 2768 1333 2817 Tiberio
1356 2770 1469 2835 apud
1488 2772 1688 2819 Tacitum
1717 2771 1911 2834 agitatcej

34 2848 47 2881 ξ·
78 2858 130 2886 an
159 2840 205 2887 ob
236 2838 495 2888 moderandas
509 2840 666 2887 Tiberis
682 2840 968 2888 exundationes
987 2872 1001 2896 3
1029 2856 1278 2887 verterentur
1296 2841 1491 2887 Flumina
1517 2847 1797 2904 &Lacusper
1813 2857 1909 2906 quos

78 2910 242 2975 augescit
259 2943 269 2954 .
301 2914 357 2957 Et
378 2909 555 2975 quidem
568 2941 582 2964 ,
605 2924 653 2959 vt
666 2913 813 2975 magni
828 2909 940 2974 apud
955 2928 1024 2958 me
1042 2909 1100 2957 est
1112 2909 1319 2974 posterior
1337 2909 1423 2958 haec
1441 2941 1454 2965 3
1473 2913 1637 2975 quippe
1651 2927 1724 2973 per
1742 2910 1809 2956 Te
1834 2907 1909 2954 ad·

79 2979 199 3027 missa
215 3010 229 3035 3
244 2985 355 3029 ratio
370 2998 384 3037 3
412 2981 469 3027 ita
486 2978 615 3027 nihili
640 2980 767 3028 aliam
783 2982 970 3045 priorem
987 2980 1139 3026 ducere
1154 2997 1223 3026 me
1241 2978 1335 3025 sinit
1349 2982 1685 3046 magnanimitas
1709 2976 1878 3038 Claudij
1896 2994 1911 3033 3

77 3049 192 3113 apud
208 3067 340 3115 quem
354 3082 369 3106 a
399 3050 658 3100 leuiffimam
675 3066 772 3097 eam
786 3048 905 3098 fuisse
920 3048 1215 3096 difficultatem
1232 3049 1432 3112 agnoscet
1447 3082 1460 3106 ,
1488 3054 1755 3116 quicumque
1784 3050 1910 3093 binos

27 3156 29 3158 .
75 3122 163 3166 eius
189 3120 486 3185 Aquaedu&us
501 3152 515 3176 ‚
540 3129 585 3170 &
600 3124 786 3169 Portum
801 3117 1045 3169 Ostiensem
1061 3120 1212 3166 animo
1227 3121 1422 3168 reuoluat
1434 3151 1448 3176 >
1475 3122 1520 3168 in
1538 3136 1628 3186 quo
1646 3115 1880 3166 extruendo
1893 3149 1909 3174 ,

70 3188 264 3253 ipsorum
280 3191 610 3243 architectorum
626 3189 970 3259 desperationem
986 3190 1225 3255 superauit:
1241 3188 1395 3256 parum
1413 3193 1533 3240 enim
1548 3205 1735 3255 eranprae
1750 3188 1914 3303 issssPsO·

157 3282 162 3290 -
1092 3262 1127 3306 E
1143 3277 1165 3307 e
1184 3277 1207 3309 e
1818 3272 1845 3302 0
